2725 4299
390 200 467 262 74
877 195 964 246 DE
1012 193 1288 244 IMPERIO
1336 193 1436 243 CN.
1473 192 1746 242 POMPEII
1791 191 2047 240 ORATIO.

489 363 621 416 tate
646 354 773 436 jam
806 362 982 414 tanta
1014 363 1131 431 est,
1150 362 1221 412 ut
1249 354 1494 414 difficile
1522 354 1693 412 dictu
1727 354 1828 428 sit,
1851 365 2054 412 utrum
2086 351 2306 411 hostes
2339 353 2538 431 magis

489 453 781 513 virtutem
816 453 950 531 ejus
977 457 1331 529 pugnantes
1359 451 1679 509 timuerint
1709 470 1790 509 an
1816 450 2361 509 mansuetudinem
2386 450 2540 508 victi

489 548 831 607 dilexerint.
905 547 989 604 Et
1008 548 1333 624 quisquam
1351 545 1664 605 dubitabit
1682 546 1830 623 quin
1845 545 1987 603 huic
2013 545 2133 605 hoc
2149 551 2398 604 tantum
2416 545 2541 604 bel-

486 643 615 703 lum
633 643 1176 702 transmittendum
1194 644 1295 718 sit,
1313 643 1419 720 qui
1437 642 1517 700 ad
1534 642 1740 701 omnia
1759 648 2007 701 nostrae
2023 642 2357 701 memoriae
2375 641 2542 701 bella

429 757 460 802 5
488 741 863 800 conficienda
892 740 1100 799 divino
1129 739 1391 816 quodam
1425 738 1681 797 consilio
1708 745 1892 796 natus
1918 757 2054 797 esse
2085 727 2418 798 videatur?

609 836 751 896 XV.
796 835 881 894 Et
925 835 1214 912 quoniam
1259 835 1586 892 auctoritas
1630 852 1874 911 quoque
1918 834 1984 891 in
2020 833 2205 893 bellis
2249 834 2542 893 adminis-

485 934 726 991 trandis
765 931 1026 990 multum
1056 938 1241 1007 atque
1268 931 1333 987 in
1364 931 1619 1007 imperio
1647 930 1902 989 militari
1936 930 2123 1005 valet,
2154 937 2324 989 certe
2352 932 2541 989 nemi-

486 1030 553 1086 ni
599 1021 851 1088 dubium
896 1033 994 1086 est
1032 1028 1180 1104 quin
1226 1047 1300 1085 ea
1348 1047 1415 1084 re
1459 1027 1624 1086 idem
1668 1026 1771 1085 ille
1815 1027 2148 1105 imperator
2201 1027 2538 1105 plurimum

487 1127 701 1203 possit.
810 1123 1231 1183 Vehementer
1279 1131 1490 1181 autem
1537 1123 1848 1201 pertinere
1897 1124 1977 1182 ad
2029 1123 2193 1182 bella
2242 1124 2539 1183 adminis-

308 1297 315 1304 ·
401 1239 462 1285 10
487 1223 725 1297 tranda,
753 1220 905 1298 quid
931 1220 1160 1295 hosteS,
1191 1220 1339 1297 quid
1369 1220 1520 1278 socii
1549 1220 1626 1278 de
1658 1221 2134 1297 imperatoribus
2175 1222 2408 1288 nostris
2437 1242 2539 1280 ex—

486 1318 784 1392 istiment,
833 1317 972 1393 quis
1026 1317 1290 1394 ignorat,
1341 1336 1527 1393 quum
1583 1317 1842 1375 sciamus
1891 1316 2168 1375 homines
2220 1318 2288 1374 in
2342 1319 2537 1377 tantis

485 1415 687 1490 rebuS,
733 1420 805 1471 ut
851 1420 961 1471 aut
1010 1419 1410 1472 contemnant
1466 1422 1576 1469 aut
1623 1419 1924 1488 metuant,
1965 1423 2075 1471 aut
2123 1413 2378 1472 oderint
2426 1421 2537 1473 aut

486 1518 713 1586 ament,
750 1511 1038 1587 opinione
1085 1530 1207 1568 non
1250 1510 1455 1567 minus
1487 1515 1554 1567 et
1596 1508 1758 1566 fama
1803 1529 1987 1586 quam
2031 1509 2234 1587 aliqua
2283 1511 2536 1571 ratione

486 1616 653 1667 certa
696 1609 1108 1668 commoveri?
1207 1606 1391 1678 Quod
1448 1608 1639 1685 igitur
1674 1628 1898 1666 nomen
1955 1628 2221 1685 unquam
2264 1609 2328 1665 in
2381 1610 2535 1670 orbe

400 1722 459 1769 15
486 1711 782 1764 terrarum
818 1704 1038 1763 clarius
1066 1704 1233 1763 suit?
1314 1702 1506 1781 Cujus
1549 1724 1646 1762 res
1692 1710 1909 1781 gestae
1951 1706 2178 1780 pares?
2260 1704 2363 1764 De
2408 1725 2535 1782 quo

485 1801 729 1861 homine
758 1822 889 1877 VOS,
914 1801 979 1859 id
995 1800 1160 1879 quod
1176 1801 1445 1858 maxime
1473 1800 1621 1858 facit
1639 1800 2086 1875 auctoritatem,
2105 1805 2284 1858 tanta
2311 1807 2382 1859 et
2403 1806 2535 1859 tam

483 1905 796 1982 praeclara
841 1905 1073 1982 judicia
1124 1904 1400 1963 fecistis?
1498 1902 1604 1961 An
1649 1924 1796 1963 vero
1844 1902 2030 1961 ullam
2079 1923 2339 1980 usquam
2392 1892 2541 1963 esse*
2636 1952 2642 1958 .

483 2022 654 2061 oram
681 2009 809 2059 tam
840 2002 1145 2059 desertam
1173 2002 1428 2078 putatis,
1459 2021 1582 2079 quo
1611 2021 1737 2059 non
1764 2000 1930 2059 illius
1958 2000 2084 2058 diei
2111 2000 2274 2057 fama
2315 2020 2534 2077 perva-

485 2099 651 2172 serit,
680 2103 869 2173 quum
909 2096 1230 2156 universus
1265 2097 1532 2175 populus
1575 2098 1888 2157 Romanus
1928 2098 2154 2157 referto
2194 2098 2325 2156 foro
2369 2117 2534 2157 com-

398 2206 461 2253 20
484 2195 791 2272 pletisque
841 2194 1126 2253 omnibus
1176 2195 1442 2273 templiS,
1488 2216 1566 2255 ex
1616 2196 1840 2272 quibus
1886 2195 1987 2255 hic
2032 2195 2203 2255 locus
2250 2195 2561 2274 conspici

483 2299 712 2368 potest,
739 2312 929 2350 unum
958 2291 1077 2350 sibi
1104 2292 1184 2350 ad
1213 2312 1533 2351 commune
1555 2293 1822 2351 omnium
1851 2293 2133 2370 gentium
2157 2291 2382 2352 bellum
2413 2292 2528 2353 Cn.

485 2387 842 2466 Pompeium
870 2389 1300 2466 imperatorem
1330 2389 1748 2467 depoposcit?
1829 2388 2069 2466 Itaque,
2099 2395 2172 2446 ut
2196 2388 2372 2462 plura
2400 2409 2532 2447 non

483 2484 680 2543 dicam
706 2505 907 2561 neque
935 2484 1191 2543 aliorum
1219 2485 1519 2561 exemplis
1548 2485 1912 2559 confirmem,
1941 2490 2239 2560 quantum
2267 2484 2533 2542 auctori·

484 2588 581 2641 tas
608 2581 815 2641 valeat
860 2581 923 2638 in
950 2582 1138 2658 bello,
1162 2581 1242 2640 ab
1283 2581 1504 2640 eodem
1550 2580 1659 2641 Cn.
1693 2580 1991 2659 Pompeio
2019 2581 2289 2638 omnium
2321 2600 2529 2638 rerum

395 2688 457 2734 25
486 2679 868 2756 egregiarum
898 2678 1179 2757 exempla
1207 2683 1557 2736 sumantur:
1602 2677 1706 2753 qui
1735 2697 1857 2754 quo
1885 2677 1988 2735 die
2018 2697 2055 2733 a
2081 2676 2257 2735 vobis
2299 2677 2530 2735 mariti·

483 2795 584 2833 mo
629 2776 792 2834 bello
832 2776 1226 2853 praepositus
1273 2781 1371 2834 est
1411 2775 1762 2851 imperator,
1808 2780 1985 2831 tanta
2024 2778 2279 2850 repente
2320 2773 2529 2831 vilitas

483 2891 760 2930 annonae
789 2891 868 2929 ex
897 2892 1134 2929 summa
1161 2871 1369 2947 inopia
1399 2876 1465 2930 et
1493 2871 1753 2929 caritate
1781 2869 1870 2929 rei
1911 2869 2343 2928 frumentariae
2384 2889 2529 2927 con-

482 2973 693 3024 secuta
738 2974 833 3025 est
873 2969 1054 3024 unius
1098 2966 1368 3025 hominis
1407 2987 1517 3044 spe
1560 2987 1630 3026 ac
1672 2968 1939 3042 nomine,
1968 2974 2262 3043 quantam
2302 2967 2412 3024 vix
2455 2966 2528 3024 in

481 3081 715 3120 summa
759 3061 1041 3122 ubertate
1091 3083 1380 3141 agrorum
1421 3064 1707 3122 diuturna
1751 3065 1875 3140 pai<
1908 3064 2145 3122 efficere
2187 3063 2520 3140 p‘otuisset.

393 3168 456 3213 30
480 3157 616 3216 Jam
646 3164 902 3236 accepta
928 3160 993 3216 in
1020 3158 1223 3218 Ponto
1253 3160 1601 3219 calamitate
1634 3180 1710 3219 ex
1753 3179 1828 3219 eo
1855 3159 2108 3237 proeli0,
2139 3159 2217 3217 de
2258 3178 2379 3235 quo
2408 3178 2525 3217 vos

479 3254 664 3331 paulo
692 3263 836 3314 ante
866 3256 1098 3315 invitus
1137 3256 1443 3331 admonui,
1472 3276 1657 3332 quum
1687 3257 1834 3315 socii
1874 3255 2356 3333 pertimuissent,
2381 3253 2527 3312 hos-⁴

479 3352 634 3408 tium
680 3339 832 3428 opes
882 3353 1192 3430 animique
1243 3353 1602 3426 crevissent,
1654 3352 1807 3410 satis
1855 3352 2093 3409 firmum
2144 3350 2522 3428 praesidium

479 3447 789 3525 provincia
815 3467 938 3506 non
980 3448 1257 3524 haberet,
1286 3448 1649 3506 amisissetis
1692 3445 1927 3522 Asiam,
1956 3446 2249 3522 QuiriteS,
2277 3447 2395 3503 nisi
2439 3446 2522 3503 ad

479 3546 683 3622 ipsum
711 3545 1033 3604 discrimen
1062 3545 1197 3623 ejus
1238 3544 1536 3620 temporis
1565 3544 1860 3604 divinitus
1902 3542 2011 3602 Cn.
2042 3542 2407 3619 Pompeium
2436 3542 2520 3599 ad

391 3650 453 3695 35
481 3660 588 3700 eas
613 3641 897 3718 regiones
938 3643 1180 3700 fortuna
1219 3639 1438 3718 populi
1465 3639 1726 3698 Romani
1768 3640 2094 3699 attulisset.
2180 3638 2387 3716 Hujus
2417 3639 2520 3696 ad-

481 3743 702 3796 ventus
732 3745 797 3796 et
838 3738 1254 3795 Mithridatem
1296 3736 1547 3793 insolita
1587 3737 1864 3793 inflatum
1907 3736 2162 3794 victoria
2206 3735 2519 3793 continuit
