2725 4299
311 209 388 270 ·70
795 204 883 254 ns
926 201 1204 254 nn‘muo
1249 201 1349 251 cn.
1385 200 1662 250 roman
1706 198 1968 250 ORATIO.

414 387 573 446 quae
600 367 841 443 magnis
885 383 1179 443 oppressa
1219 363 1493 423 hostium
1535 364 1732 440 copiis
1760 382 1973 423 eorum
2014 362 2288 440 ipsorum
2324 381 2461 420 san·

414 464 603 541 guine
642 462 1029 521 redundavit.
1113 459 1319 520 Testis
1358 466 1458 519 est
1485 457 1713 535 Gallia,
1740 480 1852 538 per
1883 479 2070 538 quam
2109 458 2461 537 legionibus

413 560 638 618 nostris
665 559 785 618 iter
810 558 875 616 in
902 557 1272 635 Hispaniam
1300 554 1617 616 Gallorum
1644 556 2049 616 internicione
2079 556 2461 633 patefactum

414 662 529 716 est.
610 654 816 715 Testis
844 661 942 714 aet
981 653 1308 732 Hispania,
1335 672 1494 730 quae
1521 653 1879 730 saepissime
1906 652 2205 731 plurimos
2245 652 2462 711 hostes

359 766 388 810 5
415 753 494 812 ab
514 753 630 812 hoc
651 757 973 829 superatos
991 756 1457 828 prostratosque
1478 749 1819 827 conspexit.
1887 748 2095 808 Testis
2115 754 2216 807 est
2235 748 2461 807 iterum

414 855 481 908 et
508 849 750 926 saepius
776 846 979 923 Italia,
1006 866 1167 925 quae
1193 865 1387 924 quum
1414 844 1623 905 servili
1651 845 1814 905 bello
1846 851 2050 904 taetro
2088 844 2464 922 periculoso-

414 966 535 1023 que
577 950 971 1023 premeretur,
1000 943 1079 1002 ab
1119 942 1236 1002 hoc
1278 942 1574 1000 auxilium
1618 941 1875 1002 absente
1904 942 2252 1019 expetivit3
2293 942 2464 1019 quod

413 1042 642 1102 bellum
663 1041 1125 1119 exspectatione
1146 1039 1279 1118 ejus
1301 1044 1695 1098 attenuatum
1715 1044 1901 1115 atque
1928 1038 2323 1097 imminutum
2343 1045 2462 1113 est,

414 1140 683 1198 adventu
710 1139 1020 1197 sublatum
1048 1157 1119 1196 ac
1147 1135 1477 1214 sepultum.
1562 1135 1781 1195 Testes
1805 1154 1970 1195 nunc
1996 1154 2143 1195 vero
2176 1133 2309 1213 jam
2338 1154 2465 1192 om-

330 1244 389 1290 10
415 1254 525 1294 nes
552 1254 695 1293 orae
723 1240 909 1310 atque
937 1253 1147 1293 omnes
1188 1239 1441 1292 exterae
1482 1239 1705 1309 gentes
1746 1251 1818 1290 ac
1859 1231 2160 1306 nationeS‚
2190 1231 2463 1308 denique

416 1331 602 1388 maria
642 1330 869 1405 omnia,
897 1350 1081 1407 quum
1131 1329 1436 1404 universa,
1473 1316 1607 1387 tum
1652 1328 1718 1386 in
1767 1327 2032 1407 singulis
2078 1328 2200 1387 oris
2242 1348 2463 1387 omnes

415 1427 581 1485 sinus
609 1431 798 1503 atque
824 1432 1054 1502 portus,
1140 1423 1295 1498 Quis
1324 1426 1488 1485 enim
1528 1431 1665 1483 toto
1690 1426 1840 1483 mari
1867 1424 2036 1484 locus
2073 1443 2188 1501 per
2214 1423 2331 1483 hos
2360 1444 2464 1483 an-

413 1543 527 1582 nos
555 1528 666 1582 aut
704 1528 833 1581 tam
858 1522 1097 1581 firmum
1136 1521 1357 1580 habuit
1397 1522 1788 1599 praesidium,
1815 1527 1887 1579 ut
1926 1527 2102 1579 tutus
2131 1526 2322 1595 esset,
2353 1526 2464 1579 aut

413 1626 543 1678 tam
571 1619 688 1678 fuit
731 1617 1002 1694 abditus,
1030 1624 1103 1678 ut
1146 1618 1369 1677 lateret
1390 1619 1421 1678 ⁴?
1501 1615 1659 1690 Quis
1702 1618 2039 1695 navigavit,
2068 1617 2174 1695 qui
2216 1637 2348 1676 non
2394 1637 2465 1677 se

330 1726 389 1772 15
416 1722 526 1774 aut
571 1716 778 1775 mortis
821 1721 931 1776 aut
973 1715 1303 1775 servitutis
1334 1714 1603 1792 periculo
1647 1715 2076 1789 committeret,
2116 1732 2312 1794 quum-
2351 1720 2465 1773 aut

414 1813 613 1874 hieme
641 1819 752 1872 aut
769 1814 994 1873 referto
1020 1811 1569 1891 praedonummari
1595 1814 1916 1889 navigaret
1935 1813 1964 1870 ?
2044 1809 2183 1869 Hoc
2208 1816 2462 1869 tantum

414 1909 663 1986 bellum,
691 1916 819 1969 tam
859 1916 1059 1987 turpe,
1089 1915 1219 1967 tam
1240 1918 1445 1983 vetuS,
1473 1914 1601 1966 tam
1643 1908 1769 1967 late
1801 1908 2065 1967 divisum
2103 1913 2293 1984 atque
2341 1908 2464 1967 dis-

413 2026 676 2083 persum,
705 2007 843 2086 quis
885 2025 1154 2082 unquam
1196 2005 1591 2064 arbitraretur
1618 2011 1725 2063 aut
1764 2004 1847 2063 ab
1872 2004 2157 2064 omnibus
2199 2005 2465 2083 impera-

412 2102 649 2161 toribus
676 2120 799 2160 uno
826 2120 987 2161 anno
1015 2107 1125 2160 aut
1152 2102 1438 2161 omnibus
1467 2102 1641 2160 annis
1669 2101 1747 2161 ab
1767 2121 1892 2161 uno
1918 2102 2288 2180 imperatore
2315 2122 2464 2162 con-

327 2208 388 2253 20
416 2197 513 2256 fici
550 2216 731 2274 posse
750 2198 780 2256 ?
859 2195 1058 2269 Quam
1084 2199 1456 2275 provinciam
1483 2199 1776 2258 tenuistis
1803 2215 1841 2257 a
1866 2198 2278 2276 praedonibus
2303 2199 2462 2260 libe·
2567 2196 2568 2199 '

411 2313 544 2351 ram
586 2312 698 2370 per
743 2293 929 2353 hosce
973 2314 1166 2353 annos
1186 2295 1216 2355 ⁸?
1283 2296 1450 2373 quod
1492 2295 1764 2373 vectigal
1812 2295 1988 2355 vobis
2042 2299 2246 2354 tutum
2286 2296 2413 2354 fuit
2431 2298 2462 2358 ?

413 2409 596 2467 quem
642 2391 872 2449 socium
920 2390 1281 2450 defendistis
1302 2394 1331 2451 ?
1387 2393 1487 2450 cui
1539 2392 1845 2470 praesidio
1889 2391 2188 2450 classibus
2230 2395 2460 2453 vestris

412 2487 619 2544 fuistis
641 2486 672 2547 ’ἓ
766 2484 967 2559 Quam
993 2488 1221 2547 multas
1249 2490 1620 2548 existimatis
1665 2489 1897 2547 insulas
1944 2509 2081 2548 esse
2124 2488 2409 2549 desertas
2429 2491 2461 2550 ἲ

413 2604 596 2661 quam
635 2581 858 2642 multas
902 2591 1011 2643 aut
1053 2591 1223 2644 metu
1270 2586 1517 2646 relictas
1560 2592 1668 2644 aut
1704 2606 1742 2644 a
1783 2584 2194 2663 praedonibus
2234 2575 2459 2663 captas

325 2691 385 2736 25
418 2681 597 2740 urbes
626 2700 763 2740 esse
793 2680 1091 2740 sociorum
1112 2683 1142 2742 1³
2405 2666 2410 2673 ι

530 2777 680 2836 ΧΙΙ.
726 2776 850 2837 Sed
890 2778 1040 2856 quid
1082 2798 1201 2855 ego
1241 2778 1579 2856 longinqua
1614 2797 2014 2838 commemoro
2035 2779 2065 2838 ἲ)
2146 2776 2298 2836 Fuit
2337 2777 2461 2838 hoc

412 2874 737 2951 quondam,
764 2873 887 2931 fuit
925 2875 1235 2951 proprium
1278 2874 1495 2953 populi
1521 2874 1801 2950 Romani,
1830 2875 2019 2952 longe
2047 2893 2083 2931 a
2110 2874 2293 2934 domo
2330 2874 2462 2935 bel-

411 2969 537 3027 lare
580 2974 646 3027 et
687 2969 1166 3046 propugnaculis
1210 2970 1455 3047 imperii
1496 2972 1801 3030 sociorum
1843 2971 2143 3046 fortunaS,
2171 2991 2299 3030 non
2342 2991 2461 3030 sua

411 3070 576 3123 tecta
604 3063 951 3125 defendere.
1038 3064 1232 3125 Sociis
1273 3087 1394 3143 ego
1422 3068 1654 3126 nostris
1676 3087 1842 3127 mare
1883 3054 2014 3145 per'
2033 3067 2219 3127 hosce
2257 3087 2459 3127 annos

324 3173 386 3218 30
412 3161 683 3220 clausum
725 3162 913 3223 fuisse
961 3163 1181 3238 dicam,
1225 3183 1412 3239 quum
1458 3165 1763 3224 exercitus
1804 3164 1996 3225 vestri
2049 3184 2367 3241 nunquam
2419 3185 2459 3223 a

411 3257 739 3317 Brundisio
780 3259 899 3317 nisi
944 3259 1144 3319 hieme
1188 3279 1427 3318 summa
1473 3261 1925 3320 transmiserint
1945 3262 1975 3321 ἲ)
2055 3258 2179 3332 Qui
2220 3260 2299 3318 ad
2340 3280 2459 3320 vos

412 3355 490 3413 ab
530 3355 759 3414 exteris
800 3356 1153 3416 nationibus
1183 3356 1485 3432 venirent,
1515 3364 1729 3436 captos
1758 3376 1992 3435 querar,
2022 3364 2211 3434 quum
2255 3357 2458 3435 legati

410 3450 621 3529 populi
639 3451 898 3511 Romani
914 3450 1220 3530 redempti
1237 3453 1367 3511 sint
1380 3454 1410 3513 ἲ)
1464 3453 1903 3513 Mercatoribus
1923 3458 2126 3512 tutum
2144 3472 2311 3512 mare
2329 3473 2458 3512 non

410 3547 599 3607 fuisse
627 3548 841 3624 dicam,
871 3569 1061 3626 quum
1102 3549 1422 3609 duodecim
1464 3570 1707 3610 secures
1734 3551 1799 3608 in
1836 3549 2211 3627 praedonum
2248 3555 2459 3626 potes-

322 3653 383 3698 35
411 3649 601 3702 tatem
640 3646 1030 3722 pervenerint
1051 3648 1081 3707 ἲ)
1163 3645 1428 3705 Cnidum
1458 3654 1567 3706 aut
1594 3646 2012 3726 Colophonem
2043 3651 2153 3704 aut
2181 3644 2457 3722 Samum,

410 3739 820 3823 nobilissimas
856 3743 1056 3818 urbeS,
1084 3743 1681 3818 innumerabilesque
1710 3743 1860 3801 alias
1888 3749 2100 3820 captas
2129 3761 2268 3803 esse
2295 3763 2456 3802 com-
