<?xml version="1.0" encoding="UTF-8"?>
<!DOCTYPE html PUBLIC "-//W3C//DTD XHTML 1.0 Transitional//EN"
    "http://www.w3.org/TR/xhtml1/DTD/xhtml1-transitional.dtd">
<html xmlns="http://www.w3.org/1999/xhtml" xml:lang="en" lang="en">
 <head>
  <title>
</title>
<meta http-equiv="Content-Type" content="text/html;charset=utf-8" />
  <meta name='ocr-system' content='tesseract 3.04.00' />
  <meta name='ocr-capabilities' content='ocr_page ocr_carea ocr_par ocr_line ocrx_word'/>
</head>
<body>
  <div class='ocr_page' id='page_1' title='image "./selectorationsm02harkgoog_0065.png"; bbox 0 0 2725 4299; ppageno 0'>
   <div class='ocr_carea' id='block_1_1' title="bbox 782 219 2416 283">
    <p class='ocr_par' dir='ltr' id='par_1_1' title="bbox 782 219 2416 283">
     <span class='ocr_line' id='line_1_1' title="bbox 782 219 2416 283; baseline -0.003 -11"><span class='ocrx_word' id='word_1_1' title='bbox 782 221 861 272; x_wconf 80' lang='lat' dir='ltr'><strong>IN</strong></span> <span class='ocrx_word' id='word_1_2' title='bbox 904 220 1271 271; x_wconf 77' lang='lat' dir='ltr'>CATILINAM</span> <span class='ocrx_word' id='word_1_3' title='bbox 1316 219 1561 270; x_wconf 80' lang='lat' dir='ltr'>ORATIO</span> <span class='ocrx_word' id='word_1_4' title='bbox 1606 219 1894 278; x_wconf 79' lang='lat' dir='ltr'><strong>QUARTA.</strong></span> <span class='ocrx_word' id='word_1_5' title='bbox 2337 222 2416 283; x_wconf 78' lang='lat'><strong>43</strong></span> 
     </span>
    </p>
   </div>
   <div class='ocr_carea' id='block_1_2' title="bbox 253 382 2397 3869">
    <p class='ocr_par' dir='ltr' id='par_1_2' title="bbox 253 382 2397 3869">
     <span class='ocr_line' id='line_1_2' title="bbox 253 382 2315 464; baseline -0 -19"><span class='ocrx_word' id='word_1_6' title='bbox 253 386 421 445; x_wconf 90' lang='lat' dir='ltr'><strong>licae</strong></span> <span class='ocrx_word' id='word_1_7' title='bbox 461 384 790 446; x_wconf 85' lang='lat' dir='ltr'><strong>consilium</strong></span> <span class='ocrx_word' id='word_1_8' title='bbox 807 387 838 447; x_wconf 71' lang='lat' dir='ltr'>P</span> <span class='ocrx_word' id='word_1_9' title='bbox 918 384 1303 464; x_wconf 87' lang='lat' dir='ltr'><strong>Largitionis</strong></span> <span class='ocrx_word' id='word_1_10' title='bbox 1349 383 1638 444; x_wconf 87' lang='lat' dir='ltr'><strong>voluntas</strong></span> <span class='ocrx_word' id='word_1_11' title='bbox 1678 390 1814 442; x_wconf 90' lang='lat' dir='ltr'><strong>tum</strong></span> <span class='ocrx_word' id='word_1_12' title='bbox 1852 384 1918 443; x_wconf 91' lang='lat' dir='ltr'><strong>in</strong></span> <span class='ocrx_word' id='word_1_13' title='bbox 1958 404 2027 444; x_wconf 90' lang='lat' dir='ltr'><strong>re</strong></span> <span class='ocrx_word' id='word_1_14' title='bbox 2066 382 2315 462; x_wconf 81' lang='lat' dir='ltr'><strong>publica</strong></span> 
     </span>
     <span class='ocr_line' id='line_1_3' title="bbox 257 478 2313 562; baseline -0.001 -18"><span class='ocrx_word' id='word_1_15' title='bbox 257 490 512 545; x_wconf 83' lang='lat' dir='ltr'><strong>versata</strong></span> <span class='ocrx_word' id='word_1_16' title='bbox 566 489 668 543; x_wconf 89' lang='lat' dir='ltr'><strong>est</strong></span> <span class='ocrx_word' id='word_1_17' title='bbox 722 489 791 542; x_wconf 90' lang='lat' dir='ltr'><strong>et</strong></span> <span class='ocrx_word' id='word_1_18' title='bbox 843 481 1117 562; x_wconf 87' lang='lat' dir='ltr'><strong>partium</strong></span> <span class='ocrx_word' id='word_1_19' title='bbox 1171 481 1478 559; x_wconf 82' lang='lat' dir='ltr'><strong>quaedam</strong></span> <span class='ocrx_word' id='word_1_20' title='bbox 1532 481 1865 541; x_wconf 77' lang='lat' dir='ltr'><strong>contentio,</strong></span> <span class='ocrx_word' id='word_1_21' title='bbox 1975 478 2193 559; x_wconf 83' lang='lat' dir='ltr'><strong>Atque</strong></span> <span class='ocrx_word' id='word_1_22' title='bbox 2235 500 2313 542; x_wconf 92' lang='lat' dir='ltr'><strong>eo</strong></span> 
     </span>
     <span class='ocr_line' id='line_1_4' title="bbox 257 574 2313 660; baseline -0.001 -20"><span class='ocrx_word' id='word_1_23' title='bbox 257 589 548 660; x_wconf 89' lang='lat' dir='ltr'><strong>tempore</strong></span> <span class='ocrx_word' id='word_1_24' title='bbox 574 579 762 659; x_wconf 87' lang='lat' dir='ltr'><strong>hujus</strong></span> <span class='ocrx_word' id='word_1_25' title='bbox 792 597 945 639; x_wconf 87' lang='lat' dir='ltr'><strong>avus</strong></span> <span class='ocrx_word' id='word_1_26' title='bbox 971 577 1243 654; x_wconf 83' lang='lat' dir='ltr'><strong>Lentuli,</strong></span> <span class='ocrx_word' id='word_1_27' title='bbox 1272 578 1367 638; x_wconf 90' lang='lat' dir='ltr'><strong>vir</strong></span> <span class='ocrx_word' id='word_1_28' title='bbox 1407 576 1800 654; x_wconf 83' lang='lat' dir='ltr'><strong>clarissimus,</strong></span> <span class='ocrx_word' id='word_1_29' title='bbox 1829 581 2101 636; x_wconf 88' lang='lat' dir='ltr'><strong>armatus</strong></span> <span class='ocrx_word' id='word_1_30' title='bbox 2129 574 2313 638; x_wconf 85' lang='lat' dir='ltr'><strong>Grao-</strong></span> 
     </span>
     <span class='ocr_line' id='line_1_5' title="bbox 256 673 2310 756; baseline -0.003 -16"><span class='ocrx_word' id='word_1_31' title='bbox 256 680 447 740; x_wconf 86' lang='lat' dir='ltr'><strong>chum</strong></span> <span class='ocrx_word' id='word_1_32' title='bbox 474 684 574 739; x_wconf 89' lang='lat' dir='ltr'><strong>est</strong></span> <span class='ocrx_word' id='word_1_33' title='bbox 600 682 982 756; x_wconf 90' lang='lat' dir='ltr'><strong>persecutus.</strong></span> <span class='ocrx_word' id='word_1_34' title='bbox 1069 674 1183 734; x_wconf 89' lang='lat' dir='ltr'><strong>Hle</strong></span> <span class='ocrx_word' id='word_1_35' title='bbox 1211 674 1402 734; x_wconf 88' lang='lat' dir='ltr'><strong>etiam</strong></span> <span class='ocrx_word' id='word_1_36' title='bbox 1429 694 1620 753; x_wconf 85' lang='lat' dir='ltr'><strong>grave</strong></span> <span class='ocrx_word' id='word_1_37' title='bbox 1647 680 1783 732; x_wconf 92' lang='lat' dir='ltr'><strong>tum</strong></span> <span class='ocrx_word' id='word_1_38' title='bbox 1801 673 2028 735; x_wconf 83' lang='lat' dir='ltr'><strong>vulnus</strong></span> <span class='ocrx_word' id='word_1_39' title='bbox 2055 676 2310 754; x_wconf 79' lang='lat' dir='ltr'><strong>accepit,</strong></span> 
     </span>
     <span class='ocr_line' id='line_1_6' title="bbox 256 771 2366 856; baseline 0 -21"><span class='ocrx_word' id='word_1_40' title='bbox 256 798 339 837; x_wconf 91' lang='lat' dir='ltr'><strong>ne</strong></span> <span class='ocrx_word' id='word_1_41' title='bbox 370 777 528 856; x_wconf 91' lang='lat' dir='ltr'><strong>quid</strong></span> <span class='ocrx_word' id='word_1_42' title='bbox 568 776 647 835; x_wconf 92' lang='lat' dir='ltr'><strong>de</strong></span> <span class='ocrx_word' id='word_1_43' title='bbox 676 793 916 834; x_wconf 91' lang='lat' dir='ltr'><strong>summa</strong></span> <span class='ocrx_word' id='word_1_44' title='bbox 955 793 1024 832; x_wconf 88' lang='lat' dir='ltr'><strong>re</strong></span> <span class='ocrx_word' id='word_1_45' title='bbox 1051 771 1298 850; x_wconf 87' lang='lat' dir='ltr'><strong>publica</strong></span> <span class='ocrx_word' id='word_1_46' title='bbox 1345 771 1838 832; x_wconf 84' lang='lat' dir='ltr'><strong>deminueretur:</strong></span> <span class='ocrx_word' id='word_1_47' title='bbox 1881 771 1981 831; x_wconf 87' lang='lat' dir='ltr'><strong>hic</strong></span> <span class='ocrx_word' id='word_1_48' title='bbox 2025 771 2106 831; x_wconf 92' lang='lat' dir='ltr'><strong>ad</strong></span> <span class='ocrx_word' id='word_1_49' title='bbox 2146 792 2311 834; x_wconf 87' lang='lat' dir='ltr'><strong>ever·</strong></span> <span class='ocrx_word' id='word_1_50' title='bbox 2335 790 2366 836; x_wconf 78' lang='lat'><strong>5</strong></span> 
     </span>
     <span class='ocr_line' id='line_1_7' title="bbox 256 866 2312 947; baseline -0.001 -14"><span class='ocrx_word' id='word_1_51' title='bbox 256 876 456 934; x_wconf 89' lang='lat' dir='ltr'><strong>tenda</strong></span> <span class='ocrx_word' id='word_1_52' title='bbox 511 873 913 932; x_wconf 82' lang='lat' dir='ltr'><strong>fundamenta</strong></span> <span class='ocrx_word' id='word_1_53' title='bbox 971 869 1063 929; x_wconf 92' lang='lat' dir='ltr'><strong>rei</strong></span> <span class='ocrx_word' id='word_1_54' title='bbox 1120 867 1403 947; x_wconf 90' lang='lat' dir='ltr'><strong>publicae</strong></span> <span class='ocrx_word' id='word_1_55' title='bbox 1459 866 1677 928; x_wconf 85' lang='lat' dir='ltr'>Gallos</span> <span class='ocrx_word' id='word_1_56' title='bbox 1732 867 2006 943; x_wconf 85' lang='lat' dir='ltr'><strong>arcessit,</strong></span> <span class='ocrx_word' id='word_1_57' title='bbox 2061 869 2312 930; x_wconf 87' lang='lat' dir='ltr'><strong>servitia</strong></span> 
     </span>
     <span class='ocr_line' id='line_1_8' title="bbox 257 964 2311 1049; baseline -0.003 -17"><span class='ocrx_word' id='word_1_58' title='bbox 257 972 560 1049; x_wconf 87' lang='lat' dir='ltr'><strong>concitat,</strong></span> <span class='ocrx_word' id='word_1_59' title='bbox 583 970 919 1032; x_wconf 84' lang='lat' dir='ltr'>Catilinam</span> <span class='ocrx_word' id='word_1_60' title='bbox 946 974 1150 1043; x_wconf 86' lang='lat' dir='ltr'><strong>vocat,</strong></span> <span class='ocrx_word' id='word_1_61' title='bbox 1174 965 1462 1025; x_wconf 78' lang='lat' dir='ltr'><strong>attribuit</strong></span> <span class='ocrx_word' id='word_1_62' title='bbox 1480 985 1594 1024; x_wconf 91' lang='lat' dir='ltr'><strong>nos</strong></span> <span class='ocrx_word' id='word_1_63' title='bbox 1614 965 2012 1024; x_wconf 80' lang='lat' dir='ltr'><strong>trucidandos</strong></span> <span class='ocrx_word' id='word_1_64' title='bbox 2032 964 2311 1046; x_wconf 80' lang='lat' dir='ltr'><strong>Cethego</strong></span> 
     </span>
     <span class='ocr_line' id='line_1_9' title="bbox 257 1061 2312 1139; baseline -0.003 -10"><span class='ocrx_word' id='word_1_65' title='bbox 257 1079 325 1129; x_wconf 86' lang='lat' dir='ltr'><strong>ct</strong></span> <span class='ocrx_word' id='word_1_66' title='bbox 378 1077 623 1130; x_wconf 88' lang='lat' dir='ltr'><strong>ceteros</strong></span> <span class='ocrx_word' id='word_1_67' title='bbox 664 1070 834 1131; x_wconf 85' lang='lat' dir='ltr'><strong>cives</strong></span> <span class='ocrx_word' id='word_1_68' title='bbox 872 1065 1326 1127; x_wconf 88' lang='lat' dir='ltr'><strong>interficiendos</strong></span> <span class='ocrx_word' id='word_1_69' title='bbox 1368 1061 1656 1139; x_wconf 89' lang='lat' dir='ltr'><strong>Gabinio,</strong></span> <span class='ocrx_word' id='word_1_70' title='bbox 1684 1062 1900 1123; x_wconf 88' lang='lat' dir='ltr'><strong>urbem</strong></span> <span class='ocrx_word' id='word_1_71' title='bbox 1940 1062 2312 1123; x_wconf 90' lang='lat' dir='ltr'><strong>inflamman-</strong></span> 
     </span>
     <span class='ocr_line' id='line_1_10' title="bbox 257 1159 2309 1244; baseline -0.002 -20"><span class='ocrx_word' id='word_1_72' title='bbox 257 1168 409 1225; x_wconf 89' lang='lat' dir='ltr'><strong>dam</strong></span> <span class='ocrx_word' id='word_1_73' title='bbox 479 1167 717 1244; x_wconf 84' lang='lat' dir='ltr'><strong>CassiO,</strong></span> <span class='ocrx_word' id='word_1_74' title='bbox 771 1165 1019 1226; x_wconf 91' lang='lat' dir='ltr'><strong>Italiam</strong></span> <span class='ocrx_word' id='word_1_75' title='bbox 1086 1169 1284 1222; x_wconf 90' lang='lat' dir='ltr'><strong>totam</strong></span> <span class='ocrx_word' id='word_1_76' title='bbox 1349 1159 1717 1220; x_wconf 89' lang='lat' dir='ltr'><strong>vastandam</strong></span> <span class='ocrx_word' id='word_1_77' title='bbox 1785 1159 2309 1239; x_wconf 84' lang='lat' dir='ltr'><strong>diripiendamque</strong></span> 
     </span>
     <span class='ocr_line' id='line_1_11' title="bbox 258 1256 2397 1339; baseline -0.003 -17"><span class='ocrx_word' id='word_1_78' title='bbox 258 1263 591 1326; x_wconf 87' lang='lat' dir='ltr'><strong>Catilinae.</strong></span> <span class='ocrx_word' id='word_1_79' title='bbox 674 1262 1051 1339; x_wconf 88' lang='lat' dir='ltr'><strong>Vereamini,</strong></span> <span class='ocrx_word' id='word_1_80' title='bbox 1082 1278 1327 1335; x_wconf 90' lang='lat' dir='ltr'><strong>cense0,</strong></span> <span class='ocrx_word' id='word_1_81' title='bbox 1355 1277 1437 1317; x_wconf 92' lang='lat' dir='ltr'><strong>ne</strong></span> <span class='ocrx_word' id='word_1_82' title='bbox 1483 1256 1548 1315; x_wconf 93' lang='lat' dir='ltr'><strong>in</strong></span> <span class='ocrx_word' id='word_1_83' title='bbox 1594 1256 1711 1316; x_wconf 86' lang='lat' dir='ltr'><strong>hoc</strong></span> <span class='ocrx_word' id='word_1_84' title='bbox 1756 1256 1987 1316; x_wconf 88' lang='lat' dir='ltr'><strong>scelere</strong></span> <span class='ocrx_word' id='word_1_85' title='bbox 2028 1263 2159 1315; x_wconf 87' lang='lat' dir='ltr'><strong>tam</strong></span> <span class='ocrx_word' id='word_1_86' title='bbox 2201 1260 2309 1317; x_wconf 90' lang='lat' dir='ltr'><strong>im-</strong></span> <span class='ocrx_word' id='word_1_87' title='bbox 2336 1276 2397 1325; x_wconf 90' lang='lat'><strong>10</strong></span> 
     </span>
     <span class='ocr_line' id='line_1_12' title="bbox 254 1355 2309 1434; baseline -0 -14"><span class='ocrx_word' id='word_1_88' title='bbox 254 1362 431 1420; x_wconf 89' lang='lat' dir='ltr'><strong>mani</strong></span> <span class='ocrx_word' id='word_1_89' title='bbox 459 1382 531 1422; x_wconf 87' lang='lat' dir='ltr'><strong>ac</strong></span> <span class='ocrx_word' id='word_1_90' title='bbox 571 1368 705 1421; x_wconf 89' lang='lat' dir='ltr'><strong>tam</strong></span> <span class='ocrx_word' id='word_1_91' title='bbox 745 1362 1011 1422; x_wconf 90' lang='lat' dir='ltr'><strong>nefando</strong></span> <span class='ocrx_word' id='word_1_92' title='bbox 1055 1359 1239 1419; x_wconf 87' lang='lat' dir='ltr'><strong>nimis</strong></span> <span class='ocrx_word' id='word_1_93' title='bbox 1285 1356 1522 1434; x_wconf 89' lang='lat' dir='ltr'><strong>aliquid</strong></span> <span class='ocrx_word' id='word_1_94' title='bbox 1567 1375 1781 1416; x_wconf 88' lang='lat' dir='ltr'><strong>severe</strong></span> <span class='ocrx_word' id='word_1_95' title='bbox 1822 1355 2117 1417; x_wconf 81' lang='lat' dir='ltr'><strong>statuisse</strong></span> <span class='ocrx_word' id='word_1_96' title='bbox 2141 1358 2309 1419; x_wconf 87' lang='lat' dir='ltr'><strong>vide·</strong></span> 
     </span>
     <span class='ocr_line' id='line_1_13' title="bbox 257 1453 2308 1538; baseline -0.002 -21"><span class='ocrx_word' id='word_1_97' title='bbox 257 1458 487 1520; x_wconf 81' lang='lat' dir='ltr'><strong>amini:</strong></span> <span class='ocrx_word' id='word_1_98' title='bbox 528 1460 727 1520; x_wconf 91' lang='lat' dir='ltr'><strong>multo</strong></span> <span class='ocrx_word' id='word_1_99' title='bbox 766 1461 967 1538; x_wconf 89' lang='lat' dir='ltr'><strong>magis</strong></span> <span class='ocrx_word' id='word_1_100' title='bbox 1011 1469 1112 1519; x_wconf 86' lang='lat' dir='ltr'><strong>est</strong></span> <span class='ocrx_word' id='word_1_101' title='bbox 1151 1455 1508 1529; x_wconf 87' lang='lat' dir='ltr'><strong>verendum,</strong></span> <span class='ocrx_word' id='word_1_102' title='bbox 1536 1473 1616 1513; x_wconf 92' lang='lat' dir='ltr'><strong>ne</strong></span> <span class='ocrx_word' id='word_1_103' title='bbox 1659 1453 2019 1513; x_wconf 87' lang='lat' dir='ltr'><strong>remissione</strong></span> <span class='ocrx_word' id='word_1_104' title='bbox 2065 1474 2308 1532; x_wconf 84' lang='lat' dir='ltr'><strong>poenae</strong></span> 
     </span>
     <span class='ocr_line' id='line_1_14' title="bbox 256 1550 2308 1636; baseline -0.001 -20"><span class='ocrx_word' id='word_1_105' title='bbox 256 1556 634 1617; x_wconf 83' lang='lat' dir='ltr'><strong>crudeliores</strong></span> <span class='ocrx_word' id='word_1_106' title='bbox 662 1557 728 1615; x_wconf 93' lang='lat' dir='ltr'><strong>in</strong></span> <span class='ocrx_word' id='word_1_107' title='bbox 753 1557 1036 1636; x_wconf 91' lang='lat' dir='ltr'><strong>patriam,</strong></span> <span class='ocrx_word' id='word_1_108' title='bbox 1065 1575 1251 1634; x_wconf 87' lang='lat' dir='ltr'><strong>quam</strong></span> <span class='ocrx_word' id='word_1_109' title='bbox 1276 1573 1356 1614; x_wconf 91' lang='lat' dir='ltr'><strong>ne</strong></span> <span class='ocrx_word' id='word_1_110' title='bbox 1403 1550 1733 1613; x_wconf 85' lang='lat' dir='ltr'><strong>severitate</strong></span> <span class='ocrx_word' id='word_1_111' title='bbox 1762 1551 2308 1614; x_wconf 88' lang='lat' dir='ltr'><strong>animadversionis</strong></span> 
     </span>
     <span class='ocr_line' id='line_1_15' title="bbox 255 1649 2257 1714; baseline 0 -3"><span class='ocrx_word' id='word_1_112' title='bbox 255 1653 447 1712; x_wconf 88' lang='lat' dir='ltr'><strong>nimis</strong></span> <span class='ocrx_word' id='word_1_113' title='bbox 474 1653 871 1714; x_wconf 89' lang='lat' dir='ltr'><strong>vehementes</strong></span> <span class='ocrx_word' id='word_1_114' title='bbox 898 1655 965 1712; x_wconf 92' lang='lat' dir='ltr'><strong>in</strong></span> <span class='ocrx_word' id='word_1_115' title='bbox 992 1652 1418 1713; x_wconf 87' lang='lat' dir='ltr'><strong>acerbissimos</strong></span> <span class='ocrx_word' id='word_1_116' title='bbox 1447 1651 1659 1709; x_wconf 88' lang='lat' dir='ltr'><strong>hostes</strong></span> <span class='ocrx_word' id='word_1_117' title='bbox 1688 1649 1882 1710; x_wconf 90' lang='lat' dir='ltr'><strong>fuisse</strong></span> <span class='ocrx_word' id='word_1_118' title='bbox 1909 1650 2257 1712; x_wconf 85' lang='lat' dir='ltr'><strong>videamini.</strong></span> 
     </span>
     <span class='ocr_line' id='line_1_16' title="bbox 383 1746 2396 1829; baseline 0 -21"><span class='ocrx_word' id='word_1_119' title='bbox 383 1750 530 1812; x_wconf 90' lang='lat' dir='ltr'><strong>VH.</strong></span> <span class='ocrx_word' id='word_1_120' title='bbox 577 1750 701 1810; x_wconf 85' lang='lat' dir='ltr'><strong>Sed</strong></span> <span class='ocrx_word' id='word_1_121' title='bbox 749 1771 841 1828; x_wconf 91' lang='lat' dir='ltr'><strong>ea,</strong></span> <span class='ocrx_word' id='word_1_122' title='bbox 870 1770 1029 1829; x_wconf 88' lang='lat' dir='ltr'><strong>quae</strong></span> <span class='ocrx_word' id='word_1_123' title='bbox 1074 1749 1360 1826; x_wconf 83' lang='lat' dir='ltr'><strong>exaudio,</strong></span> <span class='ocrx_word' id='word_1_124' title='bbox 1392 1754 1604 1826; x_wconf 91' lang='lat' dir='ltr'><strong>patres</strong></span> <span class='ocrx_word' id='word_1_125' title='bbox 1652 1746 2001 1825; x_wconf 86' lang='lat' dir='ltr'><strong>conscripti,</strong></span> <span class='ocrx_word' id='word_1_126' title='bbox 2029 1747 2308 1805; x_wconf 89' lang='lat' dir='ltr'><strong>dissimu-</strong></span> <span class='ocrx_word' id='word_1_127' title='bbox 2334 1761 2396 1809; x_wconf 72' lang='lat'><strong>1⁶</strong></span> 
     </span>
     <span class='ocr_line' id='line_1_17' title="bbox 256 1844 2307 1926; baseline -0.001 -21"><span class='ocrx_word' id='word_1_128' title='bbox 256 1847 385 1907; x_wconf 86' lang='lat' dir='ltr'><strong>lare</strong></span> <span class='ocrx_word' id='word_1_129' title='bbox 413 1868 539 1907; x_wconf 93' lang='lat' dir='ltr'><strong>non</strong></span> <span class='ocrx_word' id='word_1_130' title='bbox 568 1868 832 1926; x_wconf 89' lang='lat' dir='ltr'><strong>possum.</strong></span> <span class='ocrx_word' id='word_1_131' title='bbox 889 1848 931 1906; x_wconf 89' lang='lat' dir='ltr'><strong>J</strong></span> <span class='ocrx_word' id='word_1_132' title='bbox 931 1848 1211 1907; x_wconf 90' lang='lat' dir='ltr'><strong>aciuntur</strong></span> <span class='ocrx_word' id='word_1_133' title='bbox 1227 1847 1394 1907; x_wconf 92' lang='lat' dir='ltr'><strong>enim</strong></span> <span class='ocrx_word' id='word_1_134' title='bbox 1419 1864 1620 1922; x_wconf 80' lang='lat' dir='ltr'><strong>voceS,</strong></span> <span class='ocrx_word' id='word_1_135' title='bbox 1643 1864 1802 1922; x_wconf 91' lang='lat' dir='ltr'><strong>quae</strong></span> <span class='ocrx_word' id='word_1_136' title='bbox 1830 1844 2202 1923; x_wconf 90' lang='lat' dir='ltr'><strong>perveniunt</strong></span> <span class='ocrx_word' id='word_1_137' title='bbox 2226 1844 2307 1903; x_wconf 91' lang='lat' dir='ltr'><strong>ad</strong></span> 
     </span>
     <span class='ocr_line' id='line_1_18' title="bbox 254 1941 2307 2023; baseline -0.001 -20"><span class='ocrx_word' id='word_1_138' title='bbox 254 1965 437 2005; x_wconf 85' lang='lat' dir='ltr'><strong>aures</strong></span> <span class='ocrx_word' id='word_1_139' title='bbox 466 1964 657 2021; x_wconf 81' lang='lat' dir='ltr'><strong>meaS,</strong></span> <span class='ocrx_word' id='word_1_140' title='bbox 687 1966 897 2005; x_wconf 87' lang='lat' dir='ltr'><strong>eorum</strong></span> <span class='ocrx_word' id='word_1_141' title='bbox 916 1945 1025 2023; x_wconf 92' lang='lat' dir='ltr'><strong>qui</strong></span> <span class='ocrx_word' id='word_1_142' title='bbox 1050 1945 1249 2007; x_wconf 87' lang='lat' dir='ltr'><strong>vereri</strong></span> <span class='ocrx_word' id='word_1_143' title='bbox 1271 1944 1580 2019; x_wconf 87' lang='lat' dir='ltr'><strong>videntur,</strong></span> <span class='ocrx_word' id='word_1_144' title='bbox 1606 1962 1686 2002; x_wconf 91' lang='lat' dir='ltr'><strong>ne</strong></span> <span class='ocrx_word' id='word_1_145' title='bbox 1714 1961 1839 2001; x_wconf 91' lang='lat' dir='ltr'><strong>non</strong></span> <span class='ocrx_word' id='word_1_146' title='bbox 1865 1941 2128 2002; x_wconf 89' lang='lat' dir='ltr'><strong>habeam</strong></span> <span class='ocrx_word' id='word_1_147' title='bbox 2155 1941 2307 2001; x_wconf 92' lang='lat' dir='ltr'><strong>satis</strong></span> 
     </span>
     <span class='ocr_line' id='line_1_19' title="bbox 256 2042 2307 2121; baseline 0.001 -21"><span class='ocrx_word' id='word_1_148' title='bbox 256 2042 553 2120; x_wconf 87' lang='lat' dir='ltr'><strong>praesidii</strong></span> <span class='ocrx_word' id='word_1_149' title='bbox 597 2043 678 2101; x_wconf 91' lang='lat' dir='ltr'><strong>ad</strong></span> <span class='ocrx_word' id='word_1_150' title='bbox 725 2063 818 2119; x_wconf 90' lang='lat' dir='ltr'><strong>ea,</strong></span> <span class='ocrx_word' id='word_1_151' title='bbox 846 2061 1006 2120; x_wconf 90' lang='lat' dir='ltr'><strong>quae</strong></span> <span class='ocrx_word' id='word_1_152' title='bbox 1047 2061 1161 2103; x_wconf 90' lang='lat' dir='ltr'><strong>vos</strong></span> <span class='ocrx_word' id='word_1_153' title='bbox 1201 2043 1550 2103; x_wconf 88' lang='lat' dir='ltr'><strong>statueritis</strong></span> <span class='ocrx_word' id='word_1_154' title='bbox 1595 2043 1894 2105; x_wconf 89' lang='lat' dir='ltr'><strong>hodierno</strong></span> <span class='ocrx_word' id='word_1_155' title='bbox 1941 2044 2064 2121; x_wconf 92' lang='lat' dir='ltr'><strong>die,</strong></span> <span class='ocrx_word' id='word_1_156' title='bbox 2090 2042 2307 2103; x_wconf 89' lang='lat' dir='ltr'><strong>transi-</strong></span> 
     </span>
     <span class='ocr_line' id='line_1_20' title="bbox 255 2138 2304 2220; baseline 0.001 -22"><span class='ocrx_word' id='word_1_157' title='bbox 255 2142 487 2219; x_wconf 88' lang='lat' dir='ltr'><strong>gunda.</strong></span> <span class='ocrx_word' id='word_1_158' title='bbox 575 2138 795 2200; x_wconf 89' lang='lat' dir='ltr'><strong>Omnia</strong></span> <span class='ocrx_word' id='word_1_159' title='bbox 842 2145 910 2201; x_wconf 92' lang='lat' dir='ltr'><strong>et</strong></span> <span class='ocrx_word' id='word_1_160' title='bbox 954 2140 1202 2220; x_wconf 86' lang='lat' dir='ltr'><strong>provisa</strong></span> <span class='ocrx_word' id='word_1_161' title='bbox 1252 2147 1319 2201; x_wconf 90' lang='lat' dir='ltr'><strong>et</strong></span> <span class='ocrx_word' id='word_1_162' title='bbox 1369 2147 1586 2220; x_wconf 89' lang='lat' dir='ltr'><strong>parata</strong></span> <span class='ocrx_word' id='word_1_163' title='bbox 1636 2149 1705 2203; x_wconf 92' lang='lat' dir='ltr'><strong>et</strong></span> <span class='ocrx_word' id='word_1_164' title='bbox 1752 2143 2091 2204; x_wconf 88' lang='lat' dir='ltr'><strong>constituta</strong></span> <span class='ocrx_word' id='word_1_165' title='bbox 2139 2146 2304 2218; x_wconf 91' lang='lat' dir='ltr'><strong>sunt,</strong></span> 
     </span>
     <span class='ocr_line' id='line_1_21' title="bbox 256 2238 2394 2321; baseline 0.001 -24"><span class='ocrx_word' id='word_1_166' title='bbox 256 2245 467 2315; x_wconf 81' lang='lat' dir='ltr'><strong>patres</strong></span> <span class='ocrx_word' id='word_1_167' title='bbox 508 2238 859 2318; x_wconf 87' lang='lat' dir='ltr'><strong>conscripti,</strong></span> <span class='ocrx_word' id='word_1_168' title='bbox 886 2259 1076 2316; x_wconf 91' lang='lat' dir='ltr'><strong>quum</strong></span> <span class='ocrx_word' id='word_1_169' title='bbox 1102 2258 1241 2299; x_wconf 93' lang='lat' dir='ltr'><strong>mea</strong></span> <span class='ocrx_word' id='word_1_170' title='bbox 1287 2259 1523 2299; x_wconf 90' lang='lat' dir='ltr'><strong>summa</strong></span> <span class='ocrx_word' id='word_1_171' title='bbox 1551 2260 1696 2299; x_wconf 91' lang='lat' dir='ltr'><strong>cura</strong></span> <span class='ocrx_word' id='word_1_172' title='bbox 1724 2249 1912 2321; x_wconf 87' lang='lat' dir='ltr'><strong>atque</strong></span> <span class='ocrx_word' id='word_1_173' title='bbox 1954 2240 2303 2319; x_wconf 81' lang='lat' dir='ltr'><strong>diligentia,</strong></span> <span class='ocrx_word' id='word_1_174' title='bbox 2328 2251 2394 2299; x_wconf 76' lang='lat'><strong>20</strong></span> 
     </span>
     <span class='ocr_line' id='line_1_22' title="bbox 256 2335 2305 2416; baseline 0.002 -24"><span class='ocrx_word' id='word_1_175' title='bbox 256 2346 391 2392; x_wconf 82' lang='lat' dir='ltr'><strong>tum</strong></span> <span class='ocrx_word' id='word_1_176' title='bbox 421 2335 616 2395; x_wconf 89' lang='lat' dir='ltr'><strong>etiam</strong></span> <span class='ocrx_word' id='word_1_177' title='bbox 635 2336 832 2395; x_wconf 84' lang='lat' dir='ltr'><strong>multo</strong></span> <span class='ocrx_word' id='word_1_178' title='bbox 860 2336 1089 2415; x_wconf 89' lang='lat' dir='ltr'><strong>majore</strong></span> <span class='ocrx_word' id='word_1_179' title='bbox 1118 2335 1337 2415; x_wconf 91' lang='lat' dir='ltr'><strong>populi</strong></span> <span class='ocrx_word' id='word_1_180' title='bbox 1369 2336 1633 2397; x_wconf 89' lang='lat' dir='ltr'><strong>Romani</strong></span> <span class='ocrx_word' id='word_1_181' title='bbox 1660 2338 1742 2398; x_wconf 91' lang='lat' dir='ltr'><strong>ad</strong></span> <span class='ocrx_word' id='word_1_182' title='bbox 1783 2359 2088 2399; x_wconf 87' lang='lat' dir='ltr'><strong>summum</strong></span> <span class='ocrx_word' id='word_1_183' title='bbox 2116 2339 2305 2416; x_wconf 93' lang='lat' dir='ltr'><strong>impe-</strong></span> 
     </span>
     <span class='ocr_line' id='line_1_23' title="bbox 256 2432 2305 2497; baseline 0.002 -9"><span class='ocrx_word' id='word_1_184' title='bbox 256 2433 417 2489; x_wconf 86' lang='lat' dir='ltr'><strong>rium</strong></span> <span class='ocrx_word' id='word_1_185' title='bbox 465 2432 860 2493; x_wconf 90' lang='lat' dir='ltr'><strong>retinendum</strong></span> <span class='ocrx_word' id='word_1_186' title='bbox 904 2438 971 2492; x_wconf 89' lang='lat' dir='ltr'><strong>et</strong></span> <span class='ocrx_word' id='word_1_187' title='bbox 1004 2432 1086 2491; x_wconf 95' lang='lat' dir='ltr'><strong>ad</strong></span> <span class='ocrx_word' id='word_1_188' title='bbox 1136 2453 1492 2495; x_wconf 89' lang='lat' dir='ltr'><strong>communes</strong></span> <span class='ocrx_word' id='word_1_189' title='bbox 1533 2436 1810 2496; x_wconf 90' lang='lat' dir='ltr'><strong>fortunas</strong></span> <span class='ocrx_word' id='word_1_190' title='bbox 1859 2435 2305 2497; x_wconf 85' lang='lat' dir='ltr'><strong>conservandas</strong></span> 
     </span>
     <span class='ocr_line' id='line_1_24' title="bbox 256 2527 2304 2612; baseline 0.002 -25"><span class='ocrx_word' id='word_1_191' title='bbox 256 2529 602 2590; x_wconf 78' lang='lat' dir='ltr'><strong>voluntate.</strong></span> <span class='ocrx_word' id='word_1_192' title='bbox 717 2527 949 2589; x_wconf 90' lang='lat' dir='ltr'><strong>Omnes</strong></span> <span class='ocrx_word' id='word_1_193' title='bbox 1016 2530 1244 2589; x_wconf 91' lang='lat' dir='ltr'><strong>adsunt</strong></span> <span class='ocrx_word' id='word_1_194' title='bbox 1284 2532 1587 2612; x_wconf 13' lang='lat' dir='ltr'><strong>*omnium</strong></span> <span class='ocrx_word' id='word_1_195' title='bbox 1656 2533 1940 2592; x_wconf 89' lang='lat' dir='ltr'><strong>ordinum</strong></span> <span class='ocrx_word' id='word_1_196' title='bbox 2005 2532 2304 2607; x_wconf 77' lang='lat' dir='ltr'><strong>homines,</strong></span> 
     </span>
     <span class='ocr_line' id='line_1_25' title="bbox 255 2625 2306 2707; baseline 0.001 -23"><span class='ocrx_word' id='word_1_197' title='bbox 255 2625 535 2684; x_wconf 86' lang='lat' dir='ltr'><strong>omnium</strong></span> <span class='ocrx_word' id='word_1_198' title='bbox 575 2646 892 2705; x_wconf 87' lang='lat' dir='ltr'><strong>generum,</strong></span> <span class='ocrx_word' id='word_1_199' title='bbox 930 2626 1203 2686; x_wconf 92' lang='lat' dir='ltr'><strong>omnium</strong></span> <span class='ocrx_word' id='word_1_200' title='bbox 1244 2627 1515 2707; x_wconf 90' lang='lat' dir='ltr'><strong>denique</strong></span> <span class='ocrx_word' id='word_1_201' title='bbox 1563 2635 1875 2705; x_wconf 85' lang='lat' dir='ltr'><strong>aetatum3</strong></span> <span class='ocrx_word' id='word_1_202' title='bbox 1914 2628 2168 2706; x_wconf 90' lang='lat' dir='ltr'><strong>plenum</strong></span> <span class='ocrx_word' id='word_1_203' title='bbox 2208 2633 2306 2687; x_wconf 91' lang='lat' dir='ltr'><strong>est</strong></span> 
     </span>
     <span class='ocr_line' id='line_1_26' title="bbox 254 2726 2392 2807; baseline -0.001 -24"><span class='ocrx_word' id='word_1_204' title='bbox 254 2728 475 2803; x_wconf 81' lang='lat' dir='ltr'><strong>forum,</strong></span> <span class='ocrx_word' id='word_1_205' title='bbox 497 2726 685 2805; x_wconf 90' lang='lat' dir='ltr'><strong>plena</strong></span> <span class='ocrx_word' id='word_1_206' title='bbox 710 2728 944 2807; x_wconf 90' lang='lat' dir='ltr'><strong>templa</strong></span> <span class='ocrx_word' id='word_1_207' title='bbox 965 2729 1191 2789; x_wconf 90' lang='lat' dir='ltr'><strong>circum</strong></span> <span class='ocrx_word' id='word_1_208' title='bbox 1213 2729 1432 2806; x_wconf 89' lang='lat' dir='ltr'><strong>forum,</strong></span> <span class='ocrx_word' id='word_1_209' title='bbox 1455 2728 1624 2807; x_wconf 91' lang='lat' dir='ltr'><strong>pleni</strong></span> <span class='ocrx_word' id='word_1_210' title='bbox 1651 2747 1865 2788; x_wconf 87' lang='lat' dir='ltr'><strong>omnes</strong></span> <span class='ocrx_word' id='word_1_211' title='bbox 1892 2728 2099 2786; x_wconf 88' lang='lat' dir='ltr'><strong>aditus</strong></span> <span class='ocrx_word' id='word_1_212' title='bbox 2117 2727 2304 2807; x_wconf 88' lang='lat' dir='ltr'><strong>hujus</strong></span> <span class='ocrx_word' id='word_1_213' title='bbox 2328 2734 2392 2782; x_wconf 72' lang='lat'><strong>2⁶</strong></span> 
     </span>
     <span class='ocr_line' id='line_1_27' title="bbox 253 2822 2305 2904; baseline 0.002 -24"><span class='ocrx_word' id='word_1_214' title='bbox 253 2823 370 2882; x_wconf 76' lang='lat' dir='ltr'><strong>loci</strong></span> <span class='ocrx_word' id='word_1_215' title='bbox 402 2844 476 2882; x_wconf 87' lang='lat' dir='ltr'><strong>ac</strong></span> <span class='ocrx_word' id='word_1_216' title='bbox 504 2824 741 2902; x_wconf 92' lang='lat' dir='ltr'><strong>templi.</strong></span> <span class='ocrx_word' id='word_1_217' title='bbox 827 2825 1028 2886; x_wconf 83' lang='lat' dir='ltr'><strong>Causa</strong></span> <span class='ocrx_word' id='word_1_218' title='bbox 1057 2833 1157 2886; x_wconf 87' lang='lat' dir='ltr'><strong>est</strong></span> <span class='ocrx_word' id='word_1_219' title='bbox 1192 2826 1358 2886; x_wconf 90' lang='lat' dir='ltr'><strong>enim</strong></span> <span class='ocrx_word' id='word_1_220' title='bbox 1385 2833 1531 2904; x_wconf 91' lang='lat' dir='ltr'><strong>post</strong></span> <span class='ocrx_word' id='word_1_221' title='bbox 1559 2824 1775 2884; x_wconf 89' lang='lat' dir='ltr'><strong>urbem</strong></span> <span class='ocrx_word' id='word_1_222' title='bbox 1816 2824 2128 2884; x_wconf 90' lang='lat' dir='ltr'><strong>conditam</strong></span> <span class='ocrx_word' id='word_1_223' title='bbox 2153 2822 2305 2884; x_wconf 89' lang='lat' dir='ltr'><strong>haec</strong></span> 
     </span>
     <span class='ocr_line' id='line_1_28' title="bbox 253 2919 2302 3001; baseline 0.001 -25"><span class='ocrx_word' id='word_1_224' title='bbox 253 2921 518 2979; x_wconf 79' lang='lat' dir='ltr'><strong>inventa</strong></span> <span class='ocrx_word' id='word_1_225' title='bbox 567 2919 716 2997; x_wconf 91' lang='lat' dir='ltr'><strong>sola,</strong></span> <span class='ocrx_word' id='word_1_226' title='bbox 743 2920 805 2980; x_wconf 93' lang='lat' dir='ltr'><strong>in</strong></span> <span class='ocrx_word' id='word_1_227' title='bbox 849 2943 974 3000; x_wconf 88' lang='lat' dir='ltr'><strong>qua</strong></span> <span class='ocrx_word' id='word_1_228' title='bbox 1025 2942 1241 2982; x_wconf 88' lang='lat' dir='ltr'><strong>omnes</strong></span> <span class='ocrx_word' id='word_1_229' title='bbox 1294 2922 1600 2983; x_wconf 90' lang='lat' dir='ltr'><strong>sentirent</strong></span> <span class='ocrx_word' id='word_1_230' title='bbox 1648 2942 1838 2980; x_wconf 90' lang='lat' dir='ltr'><strong>unum</strong></span> <span class='ocrx_word' id='word_1_231' title='bbox 1883 2929 2070 3001; x_wconf 87' lang='lat' dir='ltr'><strong>atque</strong></span> <span class='ocrx_word' id='word_1_232' title='bbox 2119 2920 2302 2998; x_wconf 91' lang='lat' dir='ltr'><strong>idem,</strong></span> 
     </span>
     <span class='ocr_line' id='line_1_29' title="bbox 253 3018 2304 3098; baseline 0.001 -24"><span class='ocrx_word' id='word_1_233' title='bbox 253 3023 506 3095; x_wconf 84' lang='lat' dir='ltr'><strong>praeter</strong></span> <span class='ocrx_word' id='word_1_234' title='bbox 549 3036 675 3094; x_wconf 81' lang='lat' dir='ltr'><strong>eOS,</strong></span> <span class='ocrx_word' id='word_1_235' title='bbox 702 3018 810 3096; x_wconf 91' lang='lat' dir='ltr'><strong>qui</strong></span> <span class='ocrx_word' id='word_1_236' title='bbox 845 3039 1036 3097; x_wconf 92' lang='lat' dir='ltr'><strong>quum</strong></span> <span class='ocrx_word' id='word_1_237' title='bbox 1082 3019 1201 3078; x_wconf 90' lang='lat' dir='ltr'><strong>sibi</strong></span> <span class='ocrx_word' id='word_1_238' title='bbox 1228 3018 1513 3080; x_wconf 86' lang='lat' dir='ltr'><strong>viderent</strong></span> <span class='ocrx_word' id='word_1_239' title='bbox 1556 3039 1693 3079; x_wconf 89' lang='lat' dir='ltr'><strong>esse</strong></span> <span class='ocrx_word' id='word_1_240' title='bbox 1736 3020 2134 3098; x_wconf 89' lang='lat' dir='ltr'><strong>pereundum,</strong></span> <span class='ocrx_word' id='word_1_241' title='bbox 2165 3038 2304 3079; x_wconf 89' lang='lat' dir='ltr'><strong>cum</strong></span> 
     </span>
     <span class='ocr_line' id='line_1_30' title="bbox 253 3114 2303 3194; baseline 0 -21"><span class='ocrx_word' id='word_1_242' title='bbox 253 3114 546 3173; x_wconf 89' lang='lat' dir='ltr'><strong>omnibus</strong></span> <span class='ocrx_word' id='word_1_243' title='bbox 592 3114 803 3192; x_wconf 89' lang='lat' dir='ltr'><strong>potius</strong></span> <span class='ocrx_word' id='word_1_244' title='bbox 853 3135 1037 3193; x_wconf 89' lang='lat' dir='ltr'><strong>quam</strong></span> <span class='ocrx_word' id='word_1_245' title='bbox 1086 3116 1203 3175; x_wconf 89' lang='lat' dir='ltr'><strong>soli</strong></span> <span class='ocrx_word' id='word_1_246' title='bbox 1250 3116 1451 3194; x_wconf 89' lang='lat' dir='ltr'><strong>perire</strong></span> <span class='ocrx_word' id='word_1_247' title='bbox 1497 3115 1843 3176; x_wconf 88' lang='lat' dir='ltr'><strong>voluerunt.</strong></span> <span class='ocrx_word' id='word_1_248' title='bbox 1928 3115 2134 3176; x_wconf 89' lang='lat' dir='ltr'><strong>Hosce</strong></span> <span class='ocrx_word' id='word_1_249' title='bbox 2182 3136 2303 3193; x_wconf 87' lang='lat' dir='ltr'><strong>ego</strong></span> 
     </span>
     <span class='ocr_line' id='line_1_31' title="bbox 256 3210 2392 3290; baseline 0 -22"><span class='ocrx_word' id='word_1_250' title='bbox 256 3210 541 3270; x_wconf 90' lang='lat' dir='ltr'><strong>homines</strong></span> <span class='ocrx_word' id='word_1_251' title='bbox 569 3212 811 3290; x_wconf 83' lang='lat' dir='ltr'><strong>excipio</strong></span> <span class='ocrx_word' id='word_1_252' title='bbox 839 3218 908 3272; x_wconf 93' lang='lat' dir='ltr'><strong>et</strong></span> <span class='ocrx_word' id='word_1_253' title='bbox 937 3232 1187 3272; x_wconf 88' lang='lat' dir='ltr'><strong>secerno</strong></span> <span class='ocrx_word' id='word_1_254' title='bbox 1216 3212 1522 3289; x_wconf 81' lang='lat' dir='ltr'><strong>libenter3</strong></span> <span class='ocrx_word' id='word_1_255' title='bbox 1564 3233 1766 3290; x_wconf 91' lang='lat' dir='ltr'><strong>neque</strong></span> <span class='ocrx_word' id='word_1_256' title='bbox 1795 3212 1962 3272; x_wconf 92' lang='lat' dir='ltr'><strong>enim</strong></span> <span class='ocrx_word' id='word_1_257' title='bbox 1989 3213 2054 3270; x_wconf 91' lang='lat' dir='ltr'><strong>in</strong></span> <span class='ocrx_word' id='word_1_258' title='bbox 2088 3212 2304 3290; x_wconf 91' lang='lat' dir='ltr'><strong>impro-</strong></span> <span class='ocrx_word' id='word_1_259' title='bbox 2329 3222 2392 3269; x_wconf 80' lang='lat'><strong>30</strong></span> 
     </span>
     <span class='ocr_line' id='line_1_32' title="bbox 256 3307 2303 3385; baseline -0 -18"><span class='ocrx_word' id='word_1_260' title='bbox 256 3309 477 3367; x_wconf 89' lang='lat' dir='ltr'><strong>borum</strong></span> <span class='ocrx_word' id='word_1_261' title='bbox 534 3307 778 3385; x_wconf 85' lang='lat' dir='ltr'><strong>civium,</strong></span> <span class='ocrx_word' id='word_1_262' title='bbox 838 3309 949 3369; x_wconf 89' lang='lat' dir='ltr'><strong>sed</strong></span> <span class='ocrx_word' id='word_1_263' title='bbox 1004 3310 1070 3367; x_wconf 92' lang='lat' dir='ltr'><strong>in</strong></span> <span class='ocrx_word' id='word_1_264' title='bbox 1125 3309 1657 3369; x_wconf 89' lang='lat' dir='ltr'><strong>acerbissimorum</strong></span> <span class='ocrx_word' id='word_1_265' title='bbox 1710 3309 1982 3369; x_wconf 82' lang='lat' dir='ltr'><strong>hostium</strong></span> <span class='ocrx_word' id='word_1_266' title='bbox 2048 3327 2303 3368; x_wconf 89' lang='lat' dir='ltr'><strong>numero</strong></span> 
     </span>
     <span class='ocr_line' id='line_1_33' title="bbox 260 3399 2305 3484; baseline 0 -23"><span class='ocrx_word' id='word_1_267' title='bbox 260 3404 580 3463; x_wconf 82' lang='lat' dir='ltr'><strong>habendos</strong></span> <span class='ocrx_word' id='word_1_268' title='bbox 620 3411 792 3482; x_wconf 92' lang='lat' dir='ltr'><strong>puto.</strong></span> <span class='ocrx_word' id='word_1_269' title='bbox 879 3404 1088 3465; x_wconf 91' lang='lat' dir='ltr'><strong>Ceteri</strong></span> <span class='ocrx_word' id='word_1_270' title='bbox 1114 3426 1282 3482; x_wconf 83' lang='lat' dir='ltr'><strong>vero,</strong></span> <span class='ocrx_word' id='word_1_271' title='bbox 1312 3406 1403 3464; x_wconf 93' lang='lat' dir='ltr'><strong>dii</strong></span> <span class='ocrx_word' id='word_1_272' title='bbox 1443 3399 1837 3482; x_wconf 62' lang='lat' dir='ltr'><strong>imm&#39;ortaleS,</strong></span> <span class='ocrx_word' id='word_1_273' title='bbox 1868 3426 1990 3484; x_wconf 94' lang='lat' dir='ltr'><strong>qua</strong></span> <span class='ocrx_word' id='word_1_274' title='bbox 2028 3405 2305 3482; x_wconf 84' lang='lat' dir='ltr'><strong>frequen-</strong></span> 
     </span>
     <span class='ocr_line' id='line_1_34' title="bbox 257 3499 2305 3579; baseline -0.001 -21"><span class='ocrx_word' id='word_1_275' title='bbox 257 3501 368 3576; x_wconf 87' lang='lat' dir='ltr'><strong>tia,</strong></span> <span class='ocrx_word' id='word_1_276' title='bbox 399 3521 524 3578; x_wconf 93' lang='lat' dir='ltr'><strong>quo</strong></span> <span class='ocrx_word' id='word_1_277' title='bbox 571 3502 797 3578; x_wconf 86' lang='lat' dir='ltr'><strong>studio,</strong></span> <span class='ocrx_word' id='word_1_278' title='bbox 826 3522 950 3579; x_wconf 91' lang='lat' dir='ltr'><strong>qua</strong></span> <span class='ocrx_word' id='word_1_279' title='bbox 977 3502 1209 3564; x_wconf 85' lang='lat' dir='ltr'><strong>virtute</strong></span> <span class='ocrx_word' id='word_1_280' title='bbox 1250 3504 1331 3561; x_wconf 91' lang='lat' dir='ltr'><strong>ad</strong></span> <span class='ocrx_word' id='word_1_281' title='bbox 1379 3522 1761 3562; x_wconf 88' lang='lat' dir='ltr'><strong>communem</strong></span> <span class='ocrx_word' id='word_1_282' title='bbox 1804 3502 2067 3561; x_wconf 87' lang='lat' dir='ltr'><strong>salutem</strong></span> <span class='ocrx_word' id='word_1_283' title='bbox 2105 3499 2305 3577; x_wconf 86' lang='lat' dir='ltr'><strong>digni-</strong></span> 
     </span>
     <span class='ocr_line' id='line_1_35' title="bbox 257 3595 2304 3678; baseline -0.001 -21"><span class='ocrx_word' id='word_1_284' title='bbox 257 3605 582 3675; x_wconf 86' lang='lat' dir='ltr'><strong>tatemque</strong></span> <span class='ocrx_word' id='word_1_285' title='bbox 633 3600 1068 3660; x_wconf 77' lang='lat' dir='ltr'><strong>consentiunt!</strong></span> <span class='ocrx_word' id='word_1_286' title='bbox 1173 3597 1342 3672; x_wconf 86' lang='lat' dir='ltr'><strong>Quid</strong></span> <span class='ocrx_word' id='word_1_287' title='bbox 1388 3620 1509 3678; x_wconf 85' lang='lat' dir='ltr'><strong>ego</strong></span> <span class='ocrx_word' id='word_1_288' title='bbox 1551 3600 1652 3658; x_wconf 88' lang='lat' dir='ltr'><strong>hic</strong></span> <span class='ocrx_word' id='word_1_289' title='bbox 1700 3598 1942 3676; x_wconf 88' lang='lat' dir='ltr'><strong>equites</strong></span> <span class='ocrx_word' id='word_1_290' title='bbox 1991 3595 2304 3655; x_wconf 87' lang='lat' dir='ltr'><strong>Romanos</strong></span> 
     </span>
     <span class='ocr_line' id='line_1_36' title="bbox 261 3690 2391 3774; baseline -0.002 -19"><span class='ocrx_word' id='word_1_291' title='bbox 261 3715 732 3756; x_wconf 92' lang='lat' dir='ltr'><strong>commemorem</strong></span> <span class='ocrx_word' id='word_1_292' title='bbox 749 3698 780 3758; x_wconf 70' lang='lat' dir='ltr'>P</span> <span class='ocrx_word' id='word_1_293' title='bbox 821 3697 928 3774; x_wconf 91' lang='lat' dir='ltr'><strong>qui</strong></span> <span class='ocrx_word' id='word_1_294' title='bbox 973 3697 1148 3757; x_wconf 88' lang='lat' dir='ltr'><strong>vobis</strong></span> <span class='ocrx_word' id='word_1_295' title='bbox 1191 3696 1280 3756; x_wconf 83' lang='lat' dir='ltr'><strong>ita</strong></span> <span class='ocrx_word' id='word_1_296' title='bbox 1324 3716 1624 3755; x_wconf 89' lang='lat' dir='ltr'><strong>summam</strong></span> <span class='ocrx_word' id='word_1_297' title='bbox 1667 3693 1900 3755; x_wconf 88' lang='lat' dir='ltr'><strong>ordinis</strong></span> <span class='ocrx_word' id='word_1_298' title='bbox 1942 3690 2303 3770; x_wconf 87' lang='lat' dir='ltr'><strong>consiliique</strong></span> <span class='ocrx_word' id='word_1_299' title='bbox 2330 3703 2391 3750; x_wconf 82' lang='lat'><strong>35</strong></span> 
     </span>
     <span class='ocr_line' id='line_1_37' title="bbox 263 3789 2303 3869; baseline -0.002 -16"><span class='ocrx_word' id='word_1_300' title='bbox 263 3793 630 3869; x_wconf 87' lang='lat' dir='ltr'><strong>concedunt,</strong></span> <span class='ocrx_word' id='word_1_301' title='bbox 678 3799 750 3852; x_wconf 95' lang='lat' dir='ltr'><strong>ut</strong></span> <span class='ocrx_word' id='word_1_302' title='bbox 797 3794 1113 3854; x_wconf 87' lang='lat' dir='ltr'><strong>vobiscum</strong></span> <span class='ocrx_word' id='word_1_303' title='bbox 1168 3795 1246 3854; x_wconf 88' lang='lat' dir='ltr'><strong>de</strong></span> <span class='ocrx_word' id='word_1_304' title='bbox 1295 3813 1504 3853; x_wconf 83' lang='lat' dir='ltr'><strong>amore</strong></span> <span class='ocrx_word' id='word_1_305' title='bbox 1559 3792 1651 3851; x_wconf 91' lang='lat' dir='ltr'><strong>rei</strong></span> <span class='ocrx_word' id='word_1_306' title='bbox 1695 3789 1980 3868; x_wconf 88' lang='lat' dir='ltr'><strong>publicae</strong></span> <span class='ocrx_word' id='word_1_307' title='bbox 2030 3795 2303 3867; x_wconf 83' lang='lat' dir='ltr'><strong>certent3</strong></span> 
     </span>
    </p>
   </div>
  </div>
 </body>
</html>
