2725 4299
370 287 449 347 gg
968 283 1099 333 PRO
1145 283 1211 334 M.
1246 281 1599 332 meanto
1645 280 1905 333 omno.

472 446 629 506 falso
657 453 845 524 atque
874 446 1043 505 inani
1070 452 1241 506 metu
1268 465 1455 524 quam
1481 445 1824 524 cupiditate
1851 451 1962 504 aut
1988 444 2358 506 crudelitate
2394 446 2524 507 bel·

472 544 601 602 lum
628 564 765 603 esse
794 549 1166 621 susceptum.
1252 540 1392 616 Quo
1419 542 1670 621 quidem
1697 543 1763 602 in
1792 542 1958 603 bello
1986 562 2235 621 semper
2261 543 2339 603 de
2365 564 2522 623 pace

472 640 847 700 audiendum
889 639 1129 717 putavi,
1159 657 1523 717 semperque
1552 639 1723 697 dolui
1764 660 1888 698 non
1915 640 2100 698 modo
2139 659 2379 719 pacem,
2408 642 2523 700 sed

472 737 813 796 orationem
842 735 1031 795 etiam
1052 735 1281 796 civium
1306 754 1526 813 pacem
1546 735 1965 813 flagitantium
1984 736 2310 814 repudiari.
2398 737 2465 797 N
2465 758 2522 797 e-

414 851 443 895 15
470 853 590 911 que
619 833 786 893 enim
812 853 935 912 ego
975 832 1083 890 illa
1125 851 1241 891 nec
1279 831 1409 890 ulla
1442 852 1714 910 unquam
1759 838 2007 891 secutus
2049 853 2186 892 sum
2229 853 2399 892 arma
2440 836 2522 894 ci-

468 930 635 1007 vilia,
658 949 1022 1008 semperque
1042 949 1181 988 mea
1207 928 1464 988 consilia
1491 928 1665 1006 pacis
1694 935 1760 988 et
1787 936 1977 1008 togae
1999 930 2186 1006 socia,
2208 950 2339 989 non
2365 930 2520 992 belli

468 1034 657 1106 atque
703 1046 1006 1086 armorum
1053 1026 1320 1085 fuerunt.
1404 1023 1738 1085 Hominem
1783 1044 1919 1083 sum
1968 1032 2223 1085 secutus
2271 1026 2523 1105 privato

467 1125 684 1201 officio,
704 1145 828 1183 non
855 1123 1103 1202 publico
1127 1144 1144 1199 ;
1187 1128 1555 1199 tantumque
1584 1122 1750 1200 apud
1777 1142 1876 1181 me
1902 1122 2067 1200 grati
2094 1123 2290 1182 animi
2317 1126 2520 1186 fidelis
2581 1117 2586 1120 ¹

465 1222 756 1281 memoria
783 1220 1000 1296 valuit,
1031 1228 1104 1279 ut
1147 1219 1314 1279 nulla
1359 1239 1486 1278 non
1532 1219 1715 1278 modo
1743 1218 2104 1296 cupiditate,
2136 1221 2249 1280 sed
2289 1242 2374 1281 ne
2410 1243 2521 1301 spe

379 1333 441 1380 10
465 1317 721 1394 quidem*
760 1317 1032 1394 prudens
1075 1322 1142 1376 et
1183 1316 1387 1376 sciens
1431 1321 1747 1394 tamquam
1793 1314 1872 1374 ad
1908 1315 2230 1376 interitum
2273 1338 2519 1380 ruerem

463 1412 900 1474 voluntarium.

583 1507 768 1583 Quod
796 1509 1045 1588 quidem
1089 1529 1294 1570 meum
1339 1509 1661 1569 consilium
1706 1509 1956 1569 minime
2002 1511 2334 1570 obscurum
2378 1515 2513 1575 fuit.

462 1606 626 1666 Nam
654 1613 720 1666 et
746 1606 812 1665 in
857 1607 974 1667 hoc
1000 1606 1215 1666 ordine
1260 1606 1508 1684 integra
1534 1627 1600 1666 re
1639 1606 1835 1665 multa
1861 1607 1939 1667 de
1981 1627 2136 1685 pace
2165 1607 2321 1683 dixi,
2353 1617 2424 1670 et
2450 1612 2516 1669 in

460 1704 598 1783 ipso
625 1703 791 1764 bello
818 1705 1036 1764 eadem
1056 1704 1243 1764 etiam
1270 1724 1409 1764 cum
1436 1704 1660 1782 capitis
1687 1704 1809 1762 mei
1838 1703 2109 1782 periculo
2137 1705 2321 1765 sensi.
2413 1707 2516 1767 Ex

375 1817 434 1863 15
462 1821 586 1881 quo
625 1803 753 1882 jam
779 1822 963 1862 nemo
991 1801 1111 1862 erit
1136 1808 1266 1860 tam
1294 1801 1565 1880 injustus
1592 1821 1790 1860 rerum
1827 1800 2231 1879 existimator,
2264 1804 2375 1880 qui
2405 1805 2518 1864 du-

459 1899 623 1960 bitet
665 1918 823 1978 quae
867 1898 1147 1959 Caesaris
1187 1897 1475 1959 voluntas
1520 1897 1599 1956 de
1644 1896 1807 1956 bello
1853 1898 2060 1974 fuerit,
2098 1918 2289 1975 quum
2333 1901 2513 1977 pacis

458 2003 740 2056 auctores
761 1995 1209 2056 conservandos
1231 1996 1443 2053 statim
1463 1996 1787 2070 censuerit,
1814 1994 2034 2054 ceteris
2057 1995 2245 2054 fuerit
2265 1996 2507 2059 iratior.

458 2089 673 2170 Atque
717 2093 783 2151 id
825 2093 1027 2151 minus
1071 2093 1293 2151 mirum
1321 2093 1582 2152 fortasse
1621 2097 1772 2169 tum,
1800 2112 1990 2170 quum
2021 2100 2190 2154 esset
2228 2095 2511 2157 incertus

458 2188 666 2248 exitus
709 2195 777 2249 et
804 2208 1031 2268 anceps
1071 2190 1319 2248 fortuna
1362 2189 1550 2250 belli:
1595 2190 1700 2267 qui
1728 2210 1873 2249 vero
1899 2191 2099 2250 victor
2143 2193 2319 2269 pacis
2365 2214 2510 2254 auc-
2612 2249 2615 2252 ,

368 2298 433 2346 20
457 2290 623 2344 tores
651 2285 877 2364 diligit,
904 2285 959 2344 is
1003 2286 1285 2364 profecto
1311 2285 1584 2347 declarat
1625 2306 1692 2346 se
1719 2286 2011 2348 maluisse
2049 2310 2176 2349 non
2206 2291 2508 2352 dimicare

457 2400 640 2460 quam
666 2383 928 2443 vincere.

575 2479 688 2541 VI.
732 2478 943 2559 Atque
989 2480 1174 2561 hujus
1217 2481 1467 2559 quidem
1509 2483 1599 2543 rei
1645 2482 1727 2544 Μ.
1772 2483 2065 2546 Marcello
2110 2506 2247 2547 sum
2291 2490 2503 2551 testis·

454 2577 674 2638 Nostri
718 2577 878 2637 enim
923 2597 1160 2655 sensuS,
1188 2585 1260 2637 ut·
1302 2579 1369 2636 in
1411 2599 1565 2658 pace
1594 2601 1857 2659 semper,
1887 2584 1977 2642 sic
2026 2591 2160 2643 tum
2201 2587 2391 2646 etiam
2430 2588 2504 2646 in

452 2676 615 2736 bello
643 2676 1081 2755 congruebant.
1167 2673 1429 2749 Quoties
1451 2697 1571 2756 ego
1600 2699 1742 2739 eum
1770 2685 1837 2740 et
1857 2688 2087 2759 quanto
2116 2702 2255 2742 cum
2283 2684 2504 2745 dolore

364 2782 426 2828 25
453 2774 600 2849 vidi,
629 2793 812 2850 quum
840 2773 1227 2834 insolentiam
1249 2779 1550 2833 certorum
1577 2775 1898 2836 hominum
1928 2781 2271 2839 tum*‘etiam
2301 2782 2504 2860 ipsius

451 2870 744 2929 victoriae
793 2871 1179 2930 ferocitatem
1235 2872 1789 2937 extimescentem!
1894 2874 2033 2950 Quo
2088 2879 2329 2955 gratior
2383 2886 2500 2939 tua
2595 2918 2600 2923 -

448 2965 811 3042 liberalitas,
842 2966 908 3025 C.
941 2964 1185 3044 Caesar,
1226 2970 1426 3046 nobiS,
1471 2971 1576 3048 qui
1620 2971 1728 3031 illa
1772 2972 2054 3051 vidimus,
2100 2975 2291 3034 debet
2334 2995 2494 3037 esse.

449 3061 594 3122 Non
622 3062 788 3122 enim
811 3063 938 3141 jam
966 3083 1186 3124 causae
1214 3074 1359 3126 sunt
1385 3068 1550 3128 inter
1578 3088 1665 3145 se,
1690 3070 1801 3130 sed
1822 3071 2112 3130 victoriae
2142 3091 2499 3150 comparan—

448 3158 581 3219 dae.
667 3158 953 3218 Vidimus
996 3166 1167 3223 tuam
1208 3163 1526 3223 victoriam
1571 3165 1943 3242 praeliorum
1989 3167 2162 3226 exitu
2208 3169 2498 3227 termina·
2546 3150 2554 3157 ⁹

359 3266 423 3312 30
447 3259 612 3315 tam:
656 3254 937 3333 gladium
965 3259 1194 3337 vagina
1220 3280 1477 3320 vacuum
1506 3261 1570 3318 in
1599 3261 1766 3344 urbe·
1793 3284 1916 3323 non
1943 3263 2230 3324 vidimus,
2318 3262 2497 3338 Quos

447 3351 759 3411 amisimus
803 3353 986 3430 civeS,
1017 3375 1123 3416 eos
1166 3355 1387 3417 Martis
1418 3359 1516 3418 vis
1556 3360 1843 3435 perculit,
1871 3380 1998 3418 non
2037 3361 2126 3418 ira
2153 3361 2493 3439 victoriae3

446 3455 519 3508 ut
545 3449 826 3510 dubitare
869 3451 1096 3511 debeat
1144 3473 1346 3531 nem0,
1388 3455 1535 3533 quin
1581 3455 1832 3532 multOS,
1871 3457 1927 3515 si
1976 3456 2108 3516 fieri
2154 3463 2385 3534 posset,
2421 3458 2491 3518 O.

446 3546 672 3606 Caesar
699 3547 779 3606 ab
806 3549 1020 3608 inferis
1049 3549 1369 3627 excitaret,
1398 3552 1689 3629 quoniam
1732 3573 1814 3612 ex
1841 3553 2060 3613 eadem
2094 3554 2226 3613 acie
2254 3574 2496 3614 conser-

443 3649 552 3703 vat
578 3663 731 3720 quos
761 3651 987 3722 potest.
1075 3644 1354 3706 Alterius
1382 3667 1530 3719 vero
1570 3649 1788 3726 partis,
1817 3648 1969 3708 nihil
1999 3649 2259 3727 amplius
2288 3651 2494 3710 dicam

357 3749 418 3794 35
446 3759 629 3815 quam
657 3741 723 3799 id
752 3743 916 3818 quod
958 3763 1170 3804 omnes
1198 3744 1577 3819 verebamur,
1606 3745 1786 3803 nimis
1825 3746 2178 3805 iracundam
2217 3747 2492 3806 futuram

447 3835 640 3895 fuisse
667 3837 998 3899 victoriam.
1085 3838 1350 3912 Quidam
1380 3840 1541 3898 enim
1569 3855 1692 3898 non
1735 3842 1918 3901 modo
1947 3843 2215 3918 armatis,
2245 3844 2358 3902 sed
2400 3845 2492 3903 in-
