2725 4299
339 282 455 342 122
885 278 959 329 IN
1004 278 1359 330 ANTONIUM
1405 278 1652 329 ORATIO
1698 278 1923 329 PRIMA.

341 1316 403 1361 10

342 1807 401 1853 15

339 2287 402 2331 20

338 2778 399 2823 25

336 3263 400 3309 30

315 3725 396 3785 ’35

441 442 815 521 dejecerant,
846 460 1001 519 quos
1047 449 1254 501 tamen
1302 443 1422 520 ipsi
1467 441 1752 502 consules
1790 444 1858 501 in
1885 443 2277 503 contionibus
2320 448 2389 502 et
2431 443 2498 501 in

442 539 608 598 omni
639 559 917 597 sermone
962 537 1336 614 laudabant3
1380 540 1660 598 veterani
1688 539 1796 616 qui
1838 539 2334 618 appellabantur,
2364 540 2498 617 qui-

441 634 558 693 bus
585 633 685 692 hic
714 634 863 693 ordo
891 634 1362 712 diligentissime
1392 640 1656 711 caverat,
1684 655 1811 693 non
1840 636 1920 694 ad
1956 636 2496 695 conservationem

442 750 651 791 earum
695 751 916 807 rerum,
946 751 1098 808 quas
1144 731 1475 807 habebant,
1506 730 1619 790 sed
1664 732 1743 789 ad
1789 751 1961 809 spem
1991 752 2288 793 novarum
2319 752 2498 811 prae-

442 828 651 887 darum
707 827 1136 886 incitabantur.
1243 825 1420 899 Quae
1474 847 1664 906 quum
1733 829 1947 888 audire
2001 828 2249 888 mallem
2305 849 2493 906 quam

441 924 652 983 videre
696 922 1107 999 haberemque
1149 924 1251 1002 jus
1292 923 1624 1001 legationis
1672 923 1956 1001 liberum,
1998 946 2073 985 ea
2114 933 2330 985 mente
2373 924 2498 983 dis-

441 1022 619 1097 cessi,
648 1027 719 1079 ut
746 1021 1029 1079 adessem
1071 1019 1374 1078 Kalendis
1401 1019 1443 1078 J
1443 1020 1732 1097 anuariis,
1761 1022 1927 1099 quod
1954 1022 2206 1081 initium
2234 1029 2497 1081 senatus

442 1117 703 1196 cogendi
732 1117 860 1175 fore
887 1115 1231 1176 videbatur.

561 1213 677 1272 III.
723 1211 1023 1289 Exposui,
1053 1220 1263 1290 patres
1304 1212 1654 1290 conscripti,
1681 1214 2081 1292 profectionis
2125 1214 2493 1290 consilium3

442 1329 602 1368 nunc
650 1308 1035 1383 reversionis,
1085 1328 1245 1385 quae
1293 1307 1433 1386 plus
1483 1309 1910 1369 admirationis
1957 1311 2166 1386 habet,
2217 1311 2496 1370 breviter

441 1423 761 1482 exponam.
849 1400 1051 1474 Quum
1083 1404 1483 1464 Brundisium
1514 1407 1755 1484 iterque
1783 1407 1954 1483 illud,
1983 1407 2148 1484 quod
2176 1397 2404 1464 tritum
2426 1407 2493 1463 in

441 1501 763 1562 Graeciam
793 1507 908 1577 est,
939 1521 1061 1560 non
1106 1502 1238 1561 sine
1270 1524 1455 1562 causa
1481 1504 1860 1579 vitavissem,
1889 1503 2194 1563 Kalendis
2240 1501 2497 1562 Sextili-

440 1599 557 1657 bus
584 1599 725 1658 veni
772 1597 1126 1677 Syracusas,
1156 1600 1320 1676 quod
1367 1599 1445 1658 ab
1489 1619 1563 1659 ea
1607 1600 1758 1659 urbe
1790 1600 2174 1659 transmissio
2203 1600 2270 1657 in
2298 1598 2494 1659 Grae·

442 1697 597 1756 ciam
646 1695 1048 1771 laudabatur3
1113 1716 1272 1773 quae
1321 1704 1530 1756 tamen
1581 1697 1724 1755 urbs
1773 1696 1922 1755 mihi
1978 1696 2497 1775 conjunctissima

442 1794 581 1872 plus
625 1815 748 1853 una
797 1814 891 1853 me
936 1799 1117 1853 nocte
1146 1793 1401 1870 cupiens
1442 1796 1710 1853 retinere
1753 1814 1875 1853 non
1918 1794 2142 1872 potuit.
2230 1792 2495 1852 Veritus

410 1918 420 1927 ·
444 1914 582 1952 sum
608 1913 688 1953 ne
715 1913 889 1952 meus
915 1891 1274 1970 repentinus
1302 1891 1382 1948 ad
1409 1909 1581 1949 meos
1621 1890 1995 1964 necessarios
2023 1890 2331 1949 adventus
2361 1910 2496 1949 sus-

443 1990 700 2067 picionis
756 1989 987 2065 aliquid
1041 1989 1304 2063 afferret,
1362 1986 1418 2044 si
1474 2006 1671 2046 essem
1742 1992 2171 2046 commoratus,
2277 1985 2492 2059 Quum

443 2093 649 2145 autem
694 2105 793 2144 me
837 2105 918 2144 ex
962 2083 1171 2143 Sicilia
1199 2085 1280 2143 ad
1306 2084 1771 2162 Leucopetram,
1800 2084 1966 2161 quod
1994 2089 2092 2143 est
2135 2091 2496 2162 promonto-

441 2181 597 2239 rium
643 2182 778 2259 agri
818 2182 1063 2259 Regini,
1093 2182 1265 2241 venti
1309 2182 1697 2257 detulissent,
1727 2180 1808 2240 ab
1835 2200 1911 2240 eo
1954 2180 2090 2240 loco
2133 2184 2492 2259 conscendi,

443 2282 515 2334 ut
539 2277 1017 2337 transmitterem
1037 2298 1054 2353 3
1097 2298 1212 2338 nec
1234 2278 1323 2336 ita
1350 2277 1610 2336 multum
1633 2285 1958 2354 provectus
1979 2278 2249 2357 rejectus
2271 2285 2494 2338 austro

443 2393 575 2431 sum
604 2373 671 2430 in
700 2393 840 2432 eum
883 2373 1083 2451 ipsum
1129 2373 1348 2451 locum,
1378 2376 1540 2434 unde
1570 2374 2062 2434 conscenderam.
2149 2372 2490 2454 Quumque

442 2469 818 2555 intempesta
872 2491 995 2530 nox
1051 2478 1219 2531 esset
1272 2473 1755 2548 mansissemque
1811 2472 1875 2528 in
1918 2470 2063 2531 vil-la
2107 2470 2177 2531 P.
2224 2471 2492 2550 Valerii,

442 2569 687 2628 comitis
731 2575 797 2628 et
824 2567 1141 2626 familiaris
1183 2569 1325 2644 mei,
1355 2567 1777 2646 postridieque
1823 2567 1990 2646 apud
2032 2568 2295 2627 eundem
2339 2589 2492 2628 ven-

440 2672 574 2724 tum
603 2671 969 2744 exspectans
1013 2685 1341 2741 manerem,
1374 2663 1715 2742 municipes
1761 2664 1991 2742 Regini
2020 2664 2363 2742 complures
2405 2667 2489 2724 ad

440 2783 538 2822 me
567 2769 882 2837 venerunt,
912 2783 987 2822 ex
1032 2763 1108 2820 iis
1137 2762 1382 2839 quidam
1430 2761 1628 2819 Roma
1671 2768 1986 2837 recentes3
2029 2782 2067 2819 a
2096 2761 2321 2838 quibus
2367 2764 2491 2839 pri-

440 2880 606 2918 mum
634 2859 873 2938 accipio
900 2859 981 2918 M.
1027 2857 1291 2918 Antonii
1319 2856 1689 2933 contionem,
1719 2878 1879 2935 quae
1921 2857 2066 2916 mihi
2093 2859 2182 2917 ita
2224 2858 2488 2937 placuit,

438 2962 512 3013 ut
539 2975 612 3014 ea
656 2954 817 3014 lecta
845 2956 922 3015 de
950 2957 1299 3015 reversione
1341 2955 1602 3032 primum
1630 2955 1940 3034 coeperim
1968 2954 2258 3034 cogitare.
2344 2956 2413 3017 N
2415 2978 2488 3018 ec

438 3050 527 3110 ita
555 3051 749 3110 multo
775 3058 917 3128 post
936 3052 1199 3111 edictum
1223 3051 1408 3109 Bruti
1438 3051 1689 3110 affertur
1714 3059 1783 3112 et
1800 3052 2014 3129 Cassii,
2037 3054 2204 3131 quod
2229 3056 2486 3132 quidem

439 3146 607 3222 mihi,
635 3147 897 3207 fortasse
926 3150 1091 3225 quod
1133 3169 1239 3208 eos
1267 3148 1407 3226 plus
1435 3148 1619 3207 etiam
1661 3150 1750 3209 rei
1786 3150 2069 3228 publicae
2097 3171 2281 3228 quam
2309 3153 2487 3210 fami-

438 3242 727 3302 liaritatis
771 3245 976 3322 gratia
1012 3245 1224 3324 diligo,
1251 3245 1506 3322 plenum
1549 3247 1886 3323 aequitatis
1929 3245 2265 3305 videbatur.
2351 3245 2486 3304 Ad-

441 3341 672 3400 debant
698 3344 1171 3418 praeterea—fit
1198 3343 1360 3402 enim
1392 3340 1751 3419 plerumque
1793 3348 1865 3399 ut
1905 3342 1967 3418 ii,
1997 3341 2104 3419 qui
2144 3341 2291 3400 boni
2329 3343 2483 3419 quid

439 3437 654 3496 volunt
697 3438 910 3497 afferre
954 3440 1251 3516 affingant
1288 3436 1541 3515 aliquid,
1573 3457 1693 3515 quo
1735 3438 1969 3496 faciant
2015 3438 2081 3496 id
2122 3438 2289 3514 quod
2332 3456 2489 3497 nun-

437 3535 599 3593 tiant
651 3532 1087 3593 laetius—rem
1143 3540 1620 3608 conventuram3
1678 3532 1981 3593 Kalendis
2026 3540 2313 3592 senatum
2366 3535 2490 3595 fre-

438 3636 731 3708 quentem
771 3631 937 3705 fore3
979 3628 1329 3689 Antonium
1372 3629 1712 3706 repudiatis
1757 3628 1933 3688 malis
1979 3631 2353 3708 suasoribus,
2397 3653 2491 3691 re-

436 3727 642 3784 missis
682 3726 1011 3803 provinciis
1034 3725 1271 3802 Galliis,
1300 3725 1380 3785 ad
1406 3726 1839 3788 auctoritatem
1881 3732 2136 3787 senatus
2164 3747 2301 3788 esse
2330 3729 2491 3788 redi-

438 3825 659 3879 turum.
2303 3831 2310 3836 ‘
