2725 4299
852 255 984 306 PRO
1026 256 1283 306 ARCHIA
1327 256 1545 306 POETA
1588 256 1850 307 ORATIO.
2342 257 2420 316 49

98 462 171 487 A
259 419 637 498 quaestione
678 418 964 499 legitima
990 427 1057 480 et
1083 421 1149 480 in
1187 420 1420 499 judicio
1447 420 1715 498 publico,
1744 440 1930 498 quum
1973 437 2070 479 res
2097 425 2319 498 agatur

260 517 433 595 apud
462 522 812 595 praetorem
840 517 1056 596 populi
1082 517 1364 593 Romani,
1385 516 1789 576 lectissimum
1816 517 2033 593 virum,
2054 521 2121 576 et
2148 516 2317 594 apud

261 615 692 673 severissimos
715 614 976 693 judiceS,
998 620 1177 673 tanto
1204 619 1514 674 conventu
1542 612 1856 673 hominum
1878 633 1949 673 ac
1969 613 2315 690 frequentia

262 711 386 770 hoc
428 713 526 768 uti
569 730 799 790 genere
847 710 1114 786 dicendi,
1159 711 1323 787 quod
1376 730 1501 769 non
1550 710 1732 769 modo
1775 731 1813 768 a
1868 710 2314 769 consuetudine

259 807 653 885 judiciorum,
701 825 918 868 verum
971 807 1163 865 etiam
1217 826 1256 864 a
1310 806 1540 865 forensi
1599 826 1880 865 sermone
1948 805 2311 881 abhorreat3
2341 819 2369 865 6

261 924 500 981 quaeso
546 923 584 961 a
624 903 801 965 vobis
838 909 911 961 ut
952 903 1020 961 in
1058 902 1174 961 hac
1218 922 1402 961 causa
1444 902 1596 959 mihi
1638 902 1805 961 detis
1852 901 2008 960 hanc
2052 902 2314 977 veniam,

263 1001 791 1059 accommodatam
843 999 986 1059 huic
1028 1018 1155 1074 rec,
1200 998 1400 1074 vobiS,
1448 1017 1632 1075 quem
1677 998 1754 1055 ad
1809 996 2057 1056 modum
2114 1016 2314 1075 sper-0,

261 1117 391 1155 non
419 1097 764 1174 molestam,
787 1102 861 1155 ut
886 1116 986 1155 me
1030 1115 1143 1174 pro
1174 1115 1411 1154 summo
1452 1102 1639 1172 poeta
1672 1100 1859 1172 atque
1901 1093 2314 1153 eruditissimo

262 1195 515 1254 homine
543 1195 868 1270 dicentem,
893 1193 1013 1252 hoc
1042 1211 1344 1252 concursu
1372 1191 1691 1251 hominum
1716 1190 2312 1267 litteratissimorum,

263 1291 381 1350 hac
421 1297 633 1350 vestra
672 1290 1078 1366 humanitate,
1107 1289 1223 1348 hoc
1267 1288 1534 1365 denique
1563 1294 1843 1366 praetore
1871 1292 2195 1346 exercente
2220 1285 2312 1365 ju·
2339 1302 2401 1348 10

264 1387 517 1463 dicium,
538 1387 865 1465 patiamini
893 1388 971 1446 de
995 1385 1218 1444 studiis
1240 1385 1643 1443 humanitatis
1665 1404 1736 1443 ac
1760 1383 2098 1443 litterarum
2129 1381 2312 1459 paulo

263 1484 432 1561 loqui
459 1483 720 1544 liberius
748 1491 814 1544 et
839 1484 903 1542 in
945 1484 1084 1563 ejus
1112 1483 1278 1541 modi
1320 1502 1605 1560 persona,
1635 1501 1793 1559 quae
1822 1488 2072 1559 propter
2112 1481 2311 1539 otium

265 1603 337 1639 ac
366 1581 643 1640 studium
672 1582 919 1641 minime
949 1583 1016 1640 in
1041 1581 1289 1660 judiciis
1328 1580 1737 1659 periculisque
1767 1586 2031 1638 tractata
2073 1587 2189 1655 est,
2219 1581 2311 1638 uti

264 1698 462 1756 prope
489 1698 654 1737 novo
693 1679 960 1756 quodam
990 1685 1056 1738 et
1083 1679 1385 1737 inusitato
1425 1697 1655 1757 genere
1684 1676 1945 1735 dicendi.
2031 1674 2217 1748 Quod
2258 1676 2311 1733 si

265 1775 418 1834 mihi
449 1797 487 1834 a
514 1777 693 1836 vobis
731 1777 922 1835 tribui
952 1776 1325 1854 concedique
1371 1775 1654 1850 sentiam,
1684 1773 1990 1852 perficiam
2031 1774 2309 1851 profecto
2339 1785 2398 1831 15

265 1880 339 1931 ut
381 1873 547 1932 hunc
590 1872 670 1934 A.
700 1873 1004 1933 Licinium
1051 1893 1176 1932 non
1204 1872 1388 1931 modo
1432 1891 1559 1930 non
1602 1871 2079 1949 segregandum,
2123 1891 2311 1947 quum

265 1971 351 2028 sit
378 1969 552 2046 civiS,
581 1991 618 2028 a
647 1991 898 2030 numero
926 1970 1168 2045 civium,
1196 1988 1411 2029 verum
1453 1968 1664 2043 etiam,
1694 1966 1746 2025 si
1772 1987 1895 2026 non
1924 1973 2109 2043 esset,
2138 1973 2312 2045 pute·

264 2068 353 2125 tis
379 2068 841 2126 adsciscendum
869 2067 1074 2127 fuisse.

388 2165 505 2225 III.
551 2164 714 2223 Nam
754 2171 827 2224 ut
866 2166 1129 2243 primum
1171 2185 1249 2225 ex
1290 2167 1496 2244 pueris
1539 2169 1804 2229 excessit
1831 2168 2095 2230 Archias
2122 2177 2308 2248 atque

263 2263 346 2322 ab
371 2262 448 2321 iis
489 2263 743 2338 artibuS,
772 2264 994 2340 quibus
1034 2269 1208 2322 aetas
1249 2264 1505 2342 puerilis
1535 2266 1615 2324 ad
1654 2266 2101 2328 humanitatem
2130 2268 2308 2326 infor·
2333 2273 2399 2321 20

264 2359 418 2417 mari
447 2358 623 2434 solet,
653 2379 718 2418 se
760 2359 840 2417 ad
868 2360 1172 2419 scribendi
1199 2361 1472 2419 studium
1513 2363 1791 2441 contulit,
1821 2366 2084 2444 primum
2129 2363 2309 2423 Anti-

262 2448 710 2515 ochiae—nam
752 2457 841 2516 ibi
893 2466 1079 2515 natus
1122 2464 1221 2517 est
1266 2457 1403 2518 loco
1448 2461 1951 2522 nobili—celebri
1999 2463 2307 2540 quondam

264 2553 417 2613 urbe
460 2560 527 2613 et
567 2554 819 2631 copiosa
859 2561 1046 2631 atque
1086 2554 1523 2615 eruditissimis
1562 2557 1911 2617 hominibus
1958 2559 2310 2618 liberalissi-

263 2651 505 2728 misque
536 2651 757 2709 studiis
785 2649 1077 2726 affluenti,
1105 2651 1388 2712 celeriter
1416 2653 1783 2714 antecellere
1825 2655 2110 2713 omnibus
2139 2655 2308 2732 inge-

261 2749 356 2807 nii
382 2747 584 2825 gloria
613 2747 888 2825 contigit.
973 2746 1127 2806 Post
1154 2748 1219 2807 in
1259 2751 1483 2809 ceteris
1510 2749 1704 2809 Asiae
1746 2750 2025 2828 partibus
2068 2755 2307 2808 cuncta·
2332 2758 2396 2805 25

261 2864 385 2923 que
431 2842 695 2904 Graecia
743 2845 831 2903 sic
879 2844 1015 2925 ejus
1068 2847 1374 2908 adventus
1428 2849 1913 2922 celebrabantur,
1960 2854 2031 2906 ut
2085 2848 2307 2907 famam

259 2941 505 3020 ingenii
547 2943 933 3019 exspectatio
981 2942 1265 3022 hominia,
1297 2947 1825 3026 exspectationem
1865 2946 2060 3023 ipsius
2077 2929 2307 3007 ’adven-

261 3046 367 3097 tus
395 3039 840 3118 admiratioque
869 3049 1202 3118 superaret.
1287 3043 1444 3103 Erat
1471 3044 1651 3103 Italia
1672 3049 1807 3103 tum
1835 3044 2020 3121 plena
2048 3043 2307 3104 Graeca-

261 3156 399 3194 rum
444 3135 671 3194 artium
717 3158 787 3195 ac
833 3138 1314 3218 disciplinarum,
1346 3141 1673 3220 studiaque
1718 3141 1870 3200 haec
1912 3148 1978 3200 et
2018 3142 2080 3198 in
2123 3141 2304 3200 Latio

261 3232 690 3292 vehementius
717 3238 846 3291 tum
876 3235 1253 3314 colebantur,
1283 3258 1469 3316 quam
1509 3259 1672 3298 nunc
1699 3239 1918 3306 iisdem
1947 3239 2010 3295 in
2039 3238 2301 3316 oppidis,
2330 3245 2394 3291 30

262 3335 330 3388 et
355 3329 456 3388 hic
484 3328 720 3389 Romae
748 3338 1001 3410 propter
1039 3334 1548 3411 tranquillitatem
1575 3336 1660 3395 rei
1702 3335 1982 3413 publicae
2008 3355 2132 3393 non
2160 3355 2306 3412 neg-

260 3425 637 3503 ligebantur.
722 3428 944 3506 Itaque
973 3429 1135 3490 hunc
1165 3438 1230 3491 et
1258 3431 1577 3491 Tarentini
1618 3439 1684 3491 et
1711 3432 1941 3511 Regini
1969 3437 2035 3490 et
2062 3430 2126 3489 N
2128 3450 2305 3506 eapo-

260 3521 441 3582 litani
470 3523 726 3596 civitate
756 3526 1100 3603 ceterisque
1128 3528 1418 3605 praemiis
1459 3528 1802 3603 donarunt3
1846 3534 1911 3586 et
1938 3545 2171 3600 omneS,
2199 3526 2304 3602 qui

263 3618 497 3698 aliquid
523 3621 600 3681 de
628 3624 893 3701 ingeniis
933 3630 1229 3703 poterant
1253 3625 1544 3704 judicare,
1574 3625 1929 3703 cognitione
1958 3627 2142 3698 atque
2170 3621 2306 3681 hos·
2397 3631 2400 3632 ’

265 3721 420 3795 pitio
447 3720 704 3797 dignum
732 3721 1176 3783 existimarunt.
2329 3729 2392 3776 35

384 3814 524 3875 Hac
551 3823 725 3874 tanta
754 3817 1113 3877 celebritate
1140 3820 1339 3879 famae
1382 3839 1572 3895 quum
1601 3824 1768 3876 esset
1792 3818 1917 3896 jam
1946 3816 2304 3875 absentibus
