2725 4299
362 243 440 304 32
898 238 971 288 IN
1015 237 1383 286 CATILINAM
1428 236 1671 286 ORATIO
1717 235 1973 285 TERHA„

466 409 697 479 tamen,
723 408 798 461 ut
823 401 1131 462 levissime
1159 399 1377 477 dicam,
1405 400 1814 467 dimicandum
1855 400 2034 459 nobis
2061 419 2201 458 eum
2226 398 2339 459 illo
2368 400 2527 460 fuis-

467 505 584 576 set,
610 519 811 577 neque
840 517 954 557 nos
981 517 1268 575 unquam,
1289 497 1439 555 dum
1467 495 1574 556 ille
1603 496 1669 554 in
1696 496 1848 555 urbe
1875 495 2075 555 hostis
2095 502 2286 572 esset,
2314 498 2525 556 tantis

465 594 748 675 periculis
776 615 905 654 rem
931 593 1238 673 publicam
1265 599 1444 652 tanta
1469 613 1643 672 pace,
1664 598 1843 652 tanto
1870 584 2020 669 otio,
2047 599 2225 653 tanto
2254 592 2524 653 silentio

464 692 909 751 liberassemuS.

412 804 443 851 5
586 788 765 846 VIII.
808 786 1188 864 Quamquam
1229 785 1383 846 haec
1424 787 1648 861 omnia,
1680 784 1972 861 QuiriteS,
2015 785 2107 844 ita
2137 792 2285 844 sunt
2327 804 2369 845 a
2413 807 2520 846 me

466 885 909 960 administrata,
935 890 1008 943 ut
1047 883 1300 943 deorum
1340 882 1779 942 immortalium
1820 889 1976 941 nutu
2015 888 2204 959 atque
2245 883 2519 943 consilio

466 989 534 1042 et
557 988 738 1060 gesta
765 987 832 1041 et
856 981 1105 1060 provisa
1132 999 1271 1040 esse
1301 978 1664 1055 videantur3
1703 979 1892 1056 idque
1931 998 2120 1057 quum
2150 979 2518 1058 conjectura

465 1079 756 1155 consequi
780 1096 1131 1156 possumus,
1159 1076 1324 1155 quod
1350 1076 1458 1135 vix
1486 1076 1734 1136 videtur
1757 1075 2009 1133 humani
2036 1075 2277 1134 consi-lii
2304 1082 2515 1135 tanta·

466 1196 601 1233 rum
619 1194 817 1234 rerum
844 1173 1213 1251 gubernatio
1234 1193 1371 1234 esse
1393 1173 1692 1251 potuisse,
1713 1178 1847 1231 tum
1866 1192 2013 1232 vero
2035 1173 2123 1231 ita
2141 1177 2513 1250 praesentes

382 1284 444 1332 10
466 1254 562 1329 his
604 1270 986 1348 temporibus
1029 1289 1214 1348 opem
1252 1276 1319 1330 et
1364 1268 1662 1328 auxilium
1712 1269 1892 1328 nobis
1936 1268 2231 1345 tulerunt,
2279 1274 2353 1328 ut
2398 1289 2513 1330 eos

465 1387 661 1445 paene
689 1365 881 1427 oculis
909 1365 1117 1428 videre
1143 1385 1485 1445 possemus.
1568 1366 1729 1425 Nam
1774 1371 1843 1424 ut
1871 1364 1979 1424 illa
2007 1366 2308 1441 omittam,
2336 1366 2512 1425 visas

466 1469 763 1524 nocturno
801 1469 1081 1541 tempore
1121 1463 1202 1523 ab
1243 1463 1565 1523 occidente
1592 1463 1759 1523 faces
1800 1463 2199 1540 ardoremque
2227 1463 2406 1538 caeli,
2436 1469 2514 1522 ut

466 1559 788 1620 fulminum
828 1560 1050 1639 jaetuS,
1093 1566 1166 1619 ut
1209 1565 1410 1620 terrae
1454 1556 1658 1619 metus
1706 1558 2066 1637 relinquam,
2107 1565 2179 1619 ut
2219 1560 2509 1619 omittam

467 1663 690 1732 cetera,
716 1675 873 1734 quae
900 1657 993 1714 ita
1019 1656 1214 1715 multa
1254 1656 1435 1716 nobis
1463 1656 1817 1716 consulibus
1845 1657 2009 1719 facta
2037 1662 2200 1733 sunt,
2227 1661 2300 1714 ut
2326 1656 2510 1733 haec,

383 1768 443 1815 15
469 1774 625 1830 quae
652 1774 814 1813 nunc
829 1752 1002 1829 fiunt,
1025 1773 1243 1813 canere
1270 1753 1357 1811 dii
1385 1753 1764 1813 immortales
1787 1753 2160 1828 viderentur,
2178 1752 2292 1813 hoo
2315 1760 2510 1830 certe,

469 1852 633 1929 quod
676 1871 809 1910 sum
857 1851 1151 1927 dioturuS,
1179 1870 1381 1928 neque
1423 1850 2042 1928 praetermittendum
2083 1870 2286 1928 neque
2326 1850 2512 1910 relin-

468 1948 778 2026 quendum
824 1954 938 2008 est.
1022 1947 1188 2007 Nam
1241 1948 1522 2025 profecto
1566 1947 1861 2007 memoria
1905 1947 2154 2022 tenetiS,
2200 1946 2390 2007 Cotta
2439 1953 2511 2007 et

468 2044 779 2122 Torquato
825 2043 1176 2104 consulibus
1224 2043 1567 2122 complures
1617 2045 1684 2102 in
1732 2043 2044 2122 Capitolio
2087 2064 2185 2104 res
2211 2045 2292 2104 de
2332 2043 2511 2104 caelo

468 2161 604 2206 esse
631 2162 970 2220 percussas,
997 2161 1186 2220 quum
1212 2148 1280 2201 et
1319 2142 1645 2203 simulacra
1672 2142 1926 2203 deorum
1966 2141 2223 2221 depulsa
2250 2147 2400 2201 sunt
2439 2147 2535 2202 et.

381 2252 446 2299 20
469 2245 714 2299 statuae
733 2245 1014 2300 veterum
1042 2238 1354 2299 hominum
1382 2241 1662 2320 dejectae
1689 2247 1757 2300 et
1779 2239 1989 2319 legum
2012 2260 2154 2300 aera
2173 2239 2510 2318 liquefacta

468 2341 538 2396 et
578 2342 783 2396 tactus
827 2336 1018 2395 etiam
1061 2336 1186 2414 ille,
1230 2338 1336 2416 qui
1380 2337 1538 2397 hano
1580 2338 1792 2398 urbem
1837 2339 2133 2414 condidit,
2181 2337 2508 2414 Romulus,

470 2452 654 2510 quem
701 2433 1050 2492 inauratum
1114 2434 1182 2492 in
1236 2433 1542 2513 Capitolio
1596 2455 1851 2513 parvum
1907 2441 2093 2513 atque
2146 2433 2508 2511 lactantem,

468 2529 754 2589 uberibus
782 2528 1015 2608 lupinis
1042 2529 1403 2608 inhiantem,
1425 2532 1614 2591 fuisse
1643 2532 2019 2593 meministis,
2089 2529 2229 2605 Quo
2255 2532 2507 2609 quidem

469 2632 748 2705 tempore
790 2647 978 2705 quum
1030 2626 1390 2707 haruspices
1438 2649 1519 2689 ex
1560 2634 1699 2688 tota
1753 2628 2002 2687 Etruria
2056 2629 2507 2705 convenissent,

384 2737 447 2784 25
473 2725 694 2785 caedes
723 2730 908 2802 atque
946 2725 1231 2786 incendia
1272 2733 1338 2785 et
1362 2725 1572 2804 legum
1598 2726 1919 2785 interitum
1948 2731 2016 2785 et
2054 2725 2286 2785 bellum
2328 2726 2508 2786 civile

471 2841 544 2881 ao
571 2821 976 2881 domesticum
1003 2828 1069 2881 et
1094 2823 1287 2881 totius
1308 2823 1477 2882 urbis
1506 2829 1693 2899 atque
1722 2822 1962 2901 imperii
1981 2841 2266 2881 occasum
2294 2841 2509 2899 appro-

470 2918 766 2996 pinquare
793 2918 1101 2994 dixerunt,
1127 2919 1251 2977 nisi
1290 2920 1377 2977 dii
1404 2918 1779 2979 immortales
1807 2919 1974 2978 omni
1999 2919 2241 2979 ratione
2280 2918 2508 2997 placati

473 3035 586 3094 suo
612 3015 864 3074 numine
889 3034 1083 3092 prope
1110 3015 1240 3073 fata
1261 3016 1400 3094 ipsa
1426 3016 1765 3077 flexissent.

591 3110 810 3189 Itaque
852 3110 1095 3169 illorum
1138 3114 1452 3190 responsis
1499 3119 1630 3172 tum
1679 3121 1746 3173 et
1788 3113 1920 3173 ludi
1960 3133 2072 3191 per
2111 3112 2245 3172 dies
2292 3112 2502 3171 decem

385 3221 450 3267 30
472 3207 622 3267 facti
669 3216 833 3284 sunt,
859 3227 1061 3285 neque
1102 3228 1202 3268 res
1246 3209 1391 3286 ulla,
1420 3229 1579 3288 quae
1624 3210 1705 3269 ad
1751 3209 2089 3287 placandos
2132 3210 2282 3269 deos
2324 3209 2506 3287 perti-

473 3309 667 3380 neret,
714 3305 1150 3383 praeter-missa
1197 3312 1333 3367 est:
1393 3307 1704 3386 iidemque
1746 3307 2063 3385 jusserunt
2118 3304 2506 3364 simulacrum

473 3400 515 3460 J
515 3402 645 3461 ovis
672 3401 872 3462 facere
915 3402 1114 3481 majus
1157 3409 1224 3463 et
1260 3403 1326 3462 in
1368 3402 1612 3463 excelso
1640 3401 1937 3463 collocare
1965 3408 2033 3463 et
2059 3408 2293 3478 contra,
2323 3407 2504 3479 atque

474 3504 619 3558 ante
660 3498 880 3575 fuerat,
909 3499 989 3556 ad
1032 3501 1332 3561 orientem
1379 3506 1772 3576 convertere3
1814 3520 1887 3559 ac
1934 3519 2001 3559 se
2049 3518 2297 3576 sperare
2343 3498 2504 3557 dixe·

474 3603 639 3676 runt,
667 3598 720 3658 si
762 3598 917 3657 illud
958 3598 1220 3676 signum,
1267 3601 1437 3680 quod
1476 3600 1725 3676 videtis,
1756 3599 1907 3659 solis
1947 3604 2153 3658 ortum
2203 3603 2270 3657 et
2312 3598 2502 3657 forum

389 3704 451 3752 35
477 3696 822 3774 curiamque
850 3695 1251 3774 conspiceret,
1277 3699 1407 3760 fore
1435 3703 1510 3756 ut
1536 3717 1611 3756 ea
1638 3696 1911 3773 consilia,
1933 3716 2092 3774 quae
2120 3694 2277 3755 elam
2304 3700 2504 3755 essent

475 3792 636 3851 inita
663 3800 874 3852 contra
916 3791 1176 3852 salutem
1216 3793 1384 3853 urbis
1424 3800 1613 3870 atque
1654 3793 1916 3871 imperii,
1942 3792 2409 3864 illustrarentur,
2439 3797 2503 3848 ut
