2725 4299
725 287 800 337 IN
846 286 1214 338 CATILINAM
1257 283 1502 339 ORATIO
1546 288 1773 338 PRIMA.
2283 292 2321 351 5

176 458 306 511 tam
334 454 624 526 taetram,
651 455 781 508 tam
808 449 1164 510 horribilem
1190 455 1446 528 tamque
1483 450 1774 510 infestam
1800 450 1891 510 rei
1930 450 2217 529 publicae

175 553 420 626 pestem
472 547 664 606 toties
705 545 834 625 jam
881 546 1223 624 effugimus,
1323 545 1472 606 Non
1525 552 1623 606 est
1669 548 1920 625 saepius
1972 549 2036 606 in
2090 567 2217 608 uno

175 644 426 704 homine
463 662 702 702 summa
728 641 895 702 salus
933 642 1334 720 periclitanda
1361 643 1453 702 rei
1493 642 1793 721 publicae.
1877 641 2077 717 Quam
2103 645 2215 704 diu

175 740 350 816 mihi,
379 738 619 798 consuli
647 738 997 817 designatO,
1025 737 1313 815 Catilina,
1342 738 1672 798 insidiatus
1701 759 1789 817 es,
1815 760 1940 799 non
1966 741 2214 819 publico

174 855 275 896 me
300 836 634 914 praesidi0‚
665 835 776 894 sed
801 835 1041 912 privata
1069 834 1397 914 diligentia
1432 836 1697 897 defendi.
1781 835 1985 910 Quum
2012 840 2214 916 proxi-
2239 852 2267 898 5

176 933 292 990 mis
321 932 595 991 comitiis
624 931 1041 991 consularibus
1066 952 1166 992 me
1192 931 1505 992 consulem
1533 933 1598 991 in
1640 953 1858 1011 campo
1885 941 1952 994 et
1979 955 2214 1014 compe-

176 1029 396 1088 titores
423 1036 568 1087 tuos
600 1027 941 1088 interficere
965 1027 1239 1105 voluisti,
1267 1029 1606 1107 compressi
1645 1036 1903 1089 conatus
1944 1037 2086 1091 tuos
2113 1053 2215 1094 ne·

176 1125 366 1184 farios
392 1126 728 1184 amicorum
767 1125 1077 1203 praesidio
1105 1132 1174 1185 et
1212 1122 1429 1204 c'opii8‚
1457 1126 1638 1189 nullo,
1670 1127 1942 1187 tumultu
1968 1127 2212 1205 publice

177 1222 526 1298 concitat03
567 1221 851 1299 denique,
880 1222 1387 1301 quotiescumque
1426 1243 1527 1283 me
1553 1224 1790 1302 petisti,
1817 1244 1929 1303 per
1967 1245 2065 1285 me
2092 1225 2210 1285 tibi

177 1319 415 1395 obstiti,
442 1338 811 1397 quamquam
854 1318 1140 1379 videbam
1181 1320 1517 1397 perniciem
1563 1341 1762 1381 meam
1803 1342 1939 1381 cum
1984 1342 2210 1401 magna
2237 1334 2298 1381 10

176 1415 528 1475 calamitate
555 1417 645 1475 rei
671 1415 954 1493 publicae
982 1436 1119 1476 esse
1146 1417 1548 1495 conjunctam.
1632 1417 1814 1478 Nunc
1838 1418 1963 1498 jam
1991 1425 2208 1497 aperte

173 1533 303 1572 rem
360 1511 670 1590 publicam
717 1512 1068 1571 universam
1115 1513 1313 1590 petis;
1383 1513 1618 1592 templa
1665 1515 1916 1574 deorum
1971 1516 2210 1575 immor-

173 1607 411 1685 talium,
439 1615 608 1668 tecta
633 1608 824 1686 urbiS,
850 1609 1045 1669 vitam
1074 1610 1344 1668 omnium
1386 1610 1629 1688 civium,
1654 1610 1903 1670 Italiam
1944 1611 2208 1689 denique

171 1712 371 1764 totam
399 1706 480 1764 ad
507 1706 765 1765 exitium
796 1725 866 1764 ac
890 1706 1247 1766 vastitatem
1272 1726 1472 1767 vocas,

293 1801 500 1876 Quare
556 1804 840 1880 quoniam
893 1802 980 1879 id,
1029 1803 1196 1880 quod
1249 1808 1345 1863 est
1399 1804 1662 1881 primum
1706 1810 1773 1863 et
1815 1803 1981 1881 quod
2021 1804 2206 1883 hujus
2235 1817 2294 1865 15

172 1900 416 1978 imperii
460 1898 942 1977 disciplinaeque
989 1900 1285 1978 majorum
1330 1901 1650 1978 proprium
1676 1905 1794 1976 est,
1821 1900 2022 1959 facere
2064 1921 2211 1959 non-

170 1988 316 2057 dum
345 1996 567 2072 aude0‚
595 1997 818 2056 faciam
843 1996 929 2072 id,
956 1997 1125 2074 quod
1153 2002 1252 2056 est
1277 1996 1358 2054 ad
1387 1996 1782 2056 severitatem
1808 1994 2009 2055 lenius
2036 2001 2103 2057 et
2128 1997 2207 2055 ad

170 2113 556 2155 communem
575 2083 834 2153 salutem
855 2092 1082 2154 utilius.
1154 2092 1321 2154 Nam
1341 2092 1397 2152 si
1416 2100 1480 2154 te
1502 2092 1762 2153 interfici
1779 2092 2042 2173 jusserO,
2062 2094 2207 2154 resi-

170 2192 346 2251 debit
388 2192 455 2249 in
494 2210 561 2251 re
599 2190 852 2269 publica
886 2190 1122 2268 reliqua
1166 2192 1622 2270 conjuratorum
1664 2211 1915 2251 manus:
1973 2192 2070 2251 sin
2115 2198 2204 2271 tu,

169 2288 337 2367 quod
378 2294 448 2347 te
485 2288 614 2367 jam
657 2287 888 2345 dudum
935 2286 1164 2363 hortor,
1203 2287 1452 2363 exieriS‚
1494 2286 1889 2347 exhaurietur
1934 2307 2016 2346 ex
2054 2288 2203 2346 urbe
2229 2301 2293 2348 20

166 2391 418 2444 tuorum
460 2384 751 2443 comitum
778 2403 1006 2461 magna
1033 2389 1100 2442 et
1137 2383 1483 2461 perniciosa
1523 2384 1766 2443 sentina
1790 2384 1880 2443 rei
1906 2382 2201 2460 publicae.

169 2480 336 2555 Quid
377 2485 495 2556 est,
525 2479 789 2539 Catilina
806 2480 837 2540 *ι’
917 2479 1083 2539 Num
1111 2479 1360 2538 dubitas
1387 2480 1451 2538 id
1476 2480 1817 2558 imperante
1857 2499 1958 2538 me
1985 2480 2202 2556 facere,

165 2578 337 2657 quod
363 2578 491 2656 jam
517 2582 627 2634 tua
648 2582 872 2654 sponte
900 2575 1168 2635 faciebas
1186 2576 1217 2635 ?
1296 2574 1486 2636 Exire
1515 2597 1593 2636 ex
1614 2576 1763 2635 urbe
1787 2575 1967 2654 jubet
1993 2574 2204 2634 consul

166 2674 431 2734 hostem.
516 2672 870 2751 Interrogas
909 2691 1041 2731 me:
1090 2691 1239 2730 num
1286 2672 1352 2730 in
1394 2671 1674 2732 exsilium
1693 2671 1724 2731 *ι’
1803 2670 1867 2730 N
1870 2690 1953 2729 on
1996 2671 2204 2748 jube0,

168 2771 299 2847 sed,
327 2771 381 2829 si
407 2789 506 2829 me
536 2768 820 2845 consuIiS,
847 2768 1094 2829 suadeo,
1636 2784 1639 2788 ’
2228 2783 2290 2830 25

287 2866 404 2927 VI.
451 2864 618 2938 Quid
644 2870 744 2925 est
784 2865 964 2940 enim,
994 2864 1284 2941 Catilina,
1313 2864 1481 2942 quod
1523 2869 1589 2923 te
1630 2862 1758 2943 -jam
1800 2862 1868 2921 in
1894 2862 2010 2922 hac
2051 2863 2204 2923 urbe

167 2962 483 3023 delectare
508 2962 725 3039 possit,
746 2961 814 3019 in
841 2981 964 3039 qua
988 2980 1172 3020 nemo
1199 2967 1298 3021 est
1318 2967 1495 3020 extra
1521 2960 1703 3018 istam
1719 2959 2205 3039 conjurationem

167 3060 552 3138 perditorum
598 3057 916 3117 hominum
960 3058 1067 3135 qui
1114 3063 1181 3116 te
1231 3077 1355 3116 non
1399 3062 1656 3133 metuat,
1701 3076 1887 3116 nemo
1934 3057 2040 3135 qui
2080 3076 2202 3116 non

168 3157 372 3216 oderit
389 3157 420 3216 ?
527 3152 700 3227 Quae
755 3160 906 3213 nota
954 3150 1327 3213 domesticae
1376 3153 1779 3231 turpitudinis
1826 3173 1951 3213 non
1998 3155 2203 3212 inusta
2341 3231 2344 3233 η

166 3254 339 3313 vitae
392 3258 541 3311 tuae
589 3258 686 3311 est
701 3252 732 3311 Ῥ
841 3249 1023 3323 Quod
1070 3250 1448 3328 privatarum
1501 3271 1703 3310 rerum
1758 3250 2025 3311 dedecus
2079 3270 2202 3309 non
2228 3269 2293 3316 30

169 3349 387 3418 haeret
431 3349 497 3407 in
542 3349 705 3406 fama
722 3349 783 3407 P‘
834 3344 1010 3419 Quae
1057 3345 1255 3406 libido
1301 3346 1382 3406 ab
1427 3346 1640 3423 oculis,
1668 3347 1834 3425 quod
1881 3348 2117 3408 facinus
2167 3370 2204 3407 a

166 3446 449 3504 manibus
470 3464 738 3520 unquam
766 3443 912 3519 tuis,
933 3443 1099 3521 quod
1124 3443 1428 3521 flagitium
1454 3464 1491 3502 a
1520 3449 1656 3503 toto
1684 3464 1936 3522 corpore
1959 3446 2157 3504 abfuit
2173 3448 2203 3506 P

169 3541 285 3601 Cui
313 3548 385 3599 tu
413 3538 895 3615 adolescentulo,
923 3559 1106 3617 quem
1134 3538 1610 3617 corruptelarum
1638 3540 1941 3600 illecebris
1982 3541 2203 3599 irretis-

169 3657 289 3713 ses,
316 3657 443 3695 non
485 3643 593 3695 aut
634 3637 714 3695 ad
762 3635 1075 3694 audaciam
1115 3636 1338 3696 ferrum
1380 3643 1489 3695 aut
1526 3636 1604 3695 ad
1645 3636 1965 3696 libidinem
2009 3637 2204 3695 facem

167 3733 568 3811 praetulisti?
649 3730 816 3805 Quid
861 3751 1008 3793 vero
1024 3732 1055 3792 *ι’
1135 3731 1371 3808 Nuper,
1408 3752 1595 3810 quum
1636 3738 1835 3791 morte
1876 3732 2201 3809 superioris
2228 3746 2291 3793 35

166 3829 376 3889 uxoris
401 3829 577 3890 novis
604 3827 839 3905 nuptiis
865 3828 1115 3887 domum
1139 3827 1602 3903 vacuefecisses,
1630 3846 1833 3886 nonne
1867 3827 2053 3886 etiam
2079 3826 2204 3887 alio
