2725 4299
339 301 455 361 112
896 298 1023 345 PRO
1072 294 1243 345 REGE
1287 295 1620 346 DEIOTARO
1665 293 1922 344 ORATIO.

439 466 512 519 ut
540 461 802 520 dixeras,
888 457 1030 532 Quo
1074 461 1137 516 in
1180 458 1321 518 loco
1346 457 1715 517 Deiotarum
1755 456 1947 517 talem
1981 477 2131 536 erga
2170 462 2242 516 te
2269 476 2496 536 cogno-

439 557 610 632 visti,
639 555 839 634 qualis
880 575 989 614 rex
1019 553 1278 614 Attalus
1317 555 1384 612 in
1412 553 1483 614 P.
1513 551 1873 613 Africanum
1905 554 2043 630 fuit,
2073 554 2174 613 cui
2216 556 2495 633 magnifi-

440 653 791 713 centissima
819 652 1001 727 dona,
1024 656 1097 709 ut
1123 652 1419 728 scriptum
1444 649 1731 728 legimus,
1752 670 1947 728 usque
1974 651 2055 709 ad
2082 650 2497 710 Numantiam

440 750 612 809 misit
640 769 718 809 ex
747 746 924 823 Asia,
953 768 1113 826 quae
1141 746 1473 807 Africanus
1500 748 1892 825 inspectante
1920 747 2199 807 exercitu
2228 749 2492 827 accepit.

387 860 416 906 5
442 845 623 920 Quod
652 865 839 924 quum
878 864 1175 923 praesens
1217 844 1552 904 Deiotarus
1578 844 1752 923 regio
1780 848 1847 904 et
1873 843 2081 903 animo
2110 850 2178 904 et
2210 864 2384 906 more
2412 847 2501 906 fe·

441 945 651 1020 cisset,
680 950 752 1003 tu
777 944 843 1001 in
873 941 1220 1002 cubiculum
1249 941 1615 1001 discessisti.

560 1039 853 1116 Obsecr0‚
876 1039 1123 1115 Caesar,
1153 1046 1369 1117 repete
1395 1038 1563 1097 illius
1593 1040 1887 1117 temporis
1917 1040 2294 1117 memoriam,
2324 1060 2499 1118 pone

440 1137 609 1197 illum
631 1145 778 1198 ante
798 1136 1008 1197 oculos
1029 1136 1213 1213 diem,
1236 1135 1445 1195 vultus
1471 1135 1788 1194 hominum
1809 1144 1874 1196 te
1896 1137 2278 1195 intuentium
2299 1142 2500 1215 atque

440 1228 874 1294 admirantium
916 1235 1251 1293 recordare.
1337 1233 1506 1293 Num
1547 1252 1705 1310 quae
1747 1233 2084 1311 trepidatio
2106 1235 2137 1294 P
2182 1254 2340 1292 num
2390 1235 2499 1312 qui

354 1348 415 1395 10
441 1330 736 1390 tumultus
757 1332 787 1391 P
838 1350 988 1388 num
1031 1330 1181 1408 quid
1228 1330 1351 1388 nisi
1409 1330 1745 1406 moderate,
1789 1330 1912 1388 nisi
1961 1330 2190 1408 quiete,
2236 1331 2363 1389 nisi
2414 1351 2498 1391 ex

437 1428 703 1486 hominis
743 1427 1091 1505 gravissimi
1119 1433 1187 1487 et
1228 1427 1598 1486 sanctissimi
1627 1426 1951 1505 disciplina
1972 1428 2002 1487 P
2083 1425 2254 1500 Quid
2291 1428 2499 1507 igitur

439 1544 659 1584 causae
706 1524 1049 1602 excogitari
1094 1530 1325 1602 potest,
1367 1543 1477 1582 cur
1519 1531 1586 1583 te
1630 1522 1823 1583 lotum
1866 1523 2153 1599 voluerit,
2194 1532 2495 1584 cenatum

439 1621 710 1681 noluerit
736 1621 1015 1682 occidere
1037 1622 1067 1681 P
1148 1622 1184 1654 “
1207 1621 1281 1679 In
1308 1620 1687 1698 posterum,”
1715 1621 1937 1699 inquit,
1967 1622 2003 1654 “
2024 1621 2188 1680 diem
2219 1622 2494 1701 distulit,

440 1725 531 1795 ut,
559 1739 747 1797 quum
791 1719 857 1778 in
895 1717 1214 1778 castellum
1256 1717 1537 1777 Blucium
1564 1724 1819 1779 ventum
1861 1724 2047 1793 esset,
2074 1719 2165 1777 ibi
2204 1721 2495 1798 cogitata

355 1829 415 1876 15
442 1815 818 1894 perficeret.”
900 1816 1044 1876 Non
1085 1816 1268 1875 video
1312 1835 1558 1874 causam
1602 1816 1884 1874 mutandi
1930 1815 2072 1890 loci,
2109 1816 2222 1875 sed
2271 1823 2493 1877 tamen

442 1921 580 1973 acta
621 1934 720 1974 res
766 1909 1095 1973 criminose
1141 1918 1254 1972 est.
1341 1913 1380 1943 “
1402 1910 1669 1988 Quum‚”
1713 1913 1934 1990 inquit,
1979 1913 2017 1944 “
2038 1931 2290 1972 vomere
2336 1923 2493 1991 post

440 2029 654 2069 cenam
698 2017 765 2070 te
792 2010 952 2071 velle
990 2010 1267 2086 dixisseS,
1296 2009 1362 2067 in
1406 2008 1696 2069 balneum
1737 2014 1803 2069 te
1844 2009 2063 2068 ducere
2105 2020 2489 2088 coeperunt3

438 2106 526 2166 ibi
552 2107 717 2167 enim
762 2113 935 2167 erant
979 2106 1259 2167 insidiae.
1343 2103 1439 2166 At
1479 2113 1545 2167 te
1589 2106 1695 2166 illa
1737 2112 1849 2166 tua
1876 2106 2124 2166 fortuna
2165 2108 2485 2170 servavit:

438 2203 504 2260 in
549 2202 831 2262 cubiculo
877 2201 1057 2261 malle
1102 2203 1380 2265 dixisti.”
1460 2204 1567 2263 Dii
1595 2210 1662 2265 te
1704 2204 2015 2282 perduint,
2040 2203 2348 2282 fugitive!
2393 2205 2488 2264 ita

352 2312 415 2359 20
440 2318 565 2357 non
592 2299 777 2357 modo
803 2318 1067 2375 nequam
1096 2305 1163 2359 et
1203 2301 1542 2378 improbu8‚
1572 2302 1682 2361 sed
1710 2302 1895 2361 etiam
1924 2302 2130 2359 fatuus
2159 2307 2228 2361 et
2267 2321 2486 2363 amens

441 2414 527 2454 eS.
612 2392 777 2468 Quid
798 2396 828 2455 P
880 2394 985 2454 ille
1030 2396 1207 2474 signa
1251 2406 1445 2458 aenea
1485 2399 1551 2456 in
1592 2399 1830 2458 insidiis
1877 2405 2190 2477 posuerat,
2235 2421 2399 2478 quae
2448 2423 2485 2461 e

439 2491 663 2551 balneo
690 2493 756 2549 in
785 2492 1128 2552 cubiculum
1156 2495 1478 2554 transferri
1505 2515 1628 2554 non
1657 2502 1912 2574 possent
1930 2498 1961 2557 P

559 2588 773 2650 Habes
820 2590 1072 2649 crimina
1118 2591 1511 2666 insidiarum3
1574 2592 1729 2652 nihil
1775 2595 1938 2653 enim
1985 2596 2149 2656 dixit
2196 2598 2480 2676 amplius,

442 2688 479 2720 “
499 2686 797 2764 Horum‚”
826 2688 1048 2766 inquit,
1079 2689 1115 2720 “
1138 2708 1299 2747 eram
1343 2688 1685 2749 consciuS.”
1769 2689 1932 2765 Quid
1972 2700 2104 2753 tum
2127 2696 2157 2755 P
2240 2696 2343 2754 Ita
2374 2696 2484 2756 ille

350 2798 413 2845 25
440 2784 692 2845 demens
720 2792 871 2862 erat,
901 2792 973 2844 ut
998 2806 1156 2860 eum,
1186 2805 1368 2861 quem
1395 2787 1702 2845 conscium
1731 2791 1893 2848 tanti
1922 2791 2171 2852 sceleris
2199 2792 2483 2869 haberet,

439 2902 476 2939 a
504 2901 572 2941 se
616 2881 961 2941 dimitteret
981 2883 1011 2942 P
1092 2882 1346 2941 Romam
1393 2881 1582 2941 etiam
1629 2887 1925 2963 mitteret,
1953 2888 2061 2949 ubi
2088 2896 2156 2949 et
2193 2891 2485 2950 inimicis-

439 2977 660 3035 simum
689 2978 872 3037 sciret
907 2998 1043 3037 esse
1070 2986 1360 3056 nepotem
1406 3001 1585 3039 suum
1613 2988 1680 3042 et
1709 2983 1775 3045 G.
1809 2983 2154 3062 Caesarem,
2183 2987 2281 3046 cui
2307 2988 2485 3048 secis-

439 3079 536 3132 set
560 3073 834 3150 insidias,
861 3077 1228 3151 praesertim
1256 3097 1442 3155 quum
1485 3080 1539 3138 is
1578 3100 1739 3139 unus
1776 3088 1960 3158 esset,
1989 3083 2096 3160 qui
2139 3091 2360 3161 posset
2399 3087 2481 3145 de

438 3169 692 3228 absente
742 3190 809 3229 se
857 3171 1122 3232 indicare
1143 3174 1173 3233 P
1255 3175 1293 3205 “
1317 3175 1404 3234 Et
1450 3177 1669 3236 fratres
1712 3178 1940 3254 meOS‚”
1983 3180 2204 3256 inquit,
2248 3181 2287 3212 “
2311 3183 2483 3259 quod

337 3280 413 3348 '30
439 3272 613 3326 erant
654 3267 901 3342 conscii,
929 3269 995 3327 in
1021 3270 1269 3330 vincula
1310 3271 1636 3351 conjecit.”
1718 3273 1921 3348 Quum
1964 3276 2157 3354 igitur
2199 3297 2308 3336 eos
2348 3279 2482 3337 vin-

438 3363 611 3440 ciret,
651 3383 805 3441 quos
849 3385 1052 3426 secum
1103 3367 1395 3445 habebat,
1432 3376 1499 3429 te
1544 3369 1814 3429 solutum
1857 3370 2119 3431 Romam
2164 3373 2480 3450 mittebat,

438 3461 543 3540 qui
571 3461 783 3521 eadem
814 3463 1020 3541 scires,
1052 3484 1209 3543 quae
1238 3464 1380 3525 illos
1411 3467 1566 3527 scire
1595 3467 1748 3527 dicis
1772 3470 1802 3529 P

556 3558 730 3619 VIII.
776 3558 1040 3638 Reliqua
1061 3580 1204 3639 pars
1225 3564 1635 3624 accusationis
1658 3565 1887 3642 duplex
1907 3564 2059 3647 fuit:
2098 3584 2241 3641 una,
2263 3585 2481 3644 regem

434 3656 500 3713 in
543 3654 808 3731 speculis
852 3656 1041 3717 fuisse
1086 3678 1346 3737 semper,
1382 3680 1569 3738 quum
1611 3681 1647 3718 a
1689 3668 1753 3718 te
1795 3659 1998 3718 animo
2041 3667 2209 3720 esset
2253 3662 2479 3738 alien0‚

346 3761 408 3807 35
435 3748 647 3823 altera,
677 3752 1011 3810 exercitum
1041 3756 1197 3812 eum'
1223 3761 1437 3814 contra
1463 3763 1529 3815 te
1572 3775 1860 3831 magnum
1888 3775 2292 3834 comparasse.
2379 3758 2479 3818 De

435 3843 710 3901 exercitu
754 3847 953 3904 dicam
997 3847 1285 3924 breviter,
1314 3857 1387 3908 ut
1431 3856 1650 3909 cetera.
1736 3850 2070 3930 Nunquam
2114 3873 2222 3912 eas
2264 3856 2478 3933 copias
