2725 4299
419 287 539 349 132
963 283 1038 333 ΙΝ
1082 283 1438 335 ΑΝΤΟΝΙῸΜ
1482 283 1728 334 omno
1772 283 2006 333 Pium„

454 851 483 896 5

427 1331 485 1376 10

424 1812 484 1860 15

420 2297 485 2343 20

419 2785 481 2829 25

419 3269 482 3315 30

417 3750 479 3796 35

521 447 701 507 flecte
727 453 814 521 te,
841 464 1093 522 quaese,
1125 453 1192 506 et
1216 445 1483 525 majores
1510 453 1655 506 tuos
1683 447 1920 525 respice
1943 452 2141 523 atque
2166 444 2257 503 ita
2294 444 2541 522 guberna

520 563 650 604 rem
691 539 1023 621 publicam,
1059 549 1132 601 ut
1172 549 1391 602 natum
1431 562 1569 602 esse
1611 550 1677 603 te
1719 544 1882 603 cives
1922 542 2023 600 tui
2063 541 2391 620 gaudeant,
2429 542 2542 600 sine

522 660 645 718 quo
671 660 785 700 nec
810 638 1034 698 beatus
1063 659 1179 701 nec
1207 638 1408 699 clarus
1449 660 1564 700 nec
1588 646 1765 700 tutus
1792 641 2121 718 quisquam
2164 657 2302 698 esse
2329 639 2545 697 omnino

522 743 748 816 potest.

644 835 786 896 XV.
831 834 1057 915 Populi
1087 833 1338 912 quidem
1368 832 1631 893 Romani
1669 832 1906 912 judicia
1944 833 2152 892 multa
2184 831 2367 891 ambo
2394 830 2548 889 habe-

523 929 628 1008 tis,
670 932 895 1010 quibus
936 951 1047 994 vos
1103 950 1230 990 non
1275 929 1433 988 satis
1482 930 1716 990 moveri
1757 929 2139 1007 permoleste
2182 930 2332 988 fero,
2411 924 2550 996 Quid

524 1029 687 1088 enim
713 1028 1164 1108 gladiatoribus
1193 1026 1494 1087 clamores
1530 1025 2068 1088 innumerabilium
2113 1024 2342 1085 civium
2363 1024 2392 1083 P
2427 1022 2551 1100 quid

523 1125 738 1203 populi
794 1147 1006 1186 versus
1026 1126 1057 1186 P
1123 1124 1274 1202 quid
1331 1122 1615 1202 Pompeii
1671 1129 1916 1183 statuae
1969 1122 2243 1201 plausus
2309 1118 2551 1177 infiniti?

525 1222 675 1299 quid
721 1222 962 1282 duobus
1001 1221 1265 1281 tribunis
1307 1220 1528 1299 plebis,
1571 1220 1679 1297 qui
1717 1219 1898 1279 vobis
1925 1220 2346 1279 adversantur
2360 1217 2389 1276 P
2459 1213 2549 1271 Pa·
2665 1297 2666 1300 Ἴ

525 1338 739 1377 rumne
766 1317 918 1380 haec
945 1319 1301 1398 significant
1341 1317 1793 1378 incredibiliter
1833 1317 2344 1376 consentientem
2368 1308 2547 1389 populi

525 1414 786 1474 Romani
825 1417 1098 1477 universi
1140 1415 1526 1476 voluntatem
1550 1414 1581 1474 P
1663 1410 1831 1483 Quid
1852 1414 1882 1473 P
1978 1409 2446 1491 Apollinarium
2479 1406 2543 1463 lu·

526 1512 739 1572 dorum
779 1511 1035 1590 plausus
1074 1513 1175 1575 vel
1204 1511 1562 1573 testimonia
1592 1510 1805 1587 potius
1835 1515 1901 1569 et
1941 1509 2189 1588 judicia
2217 1505 2430 1585 populi
2452 1502 2545 1561 Ro-

524 1609 692 1667 mani
740 1628 959 1687 parum
1000 1630 1230 1688 magna
1274 1608 1450 1667 vobis
1498 1607 1865 1666 videbantur
1885 1607 1915 1666 P
2026 1604 2084 1665 O
2148 1605 2371 1664 beatos
2412 1598 2541 1674 illos,

525 1707 651 1784 qui,
680 1726 868 1784 quum
908 1707 1127 1766 adesse
1169 1705 1325 1784 ipsis
1366 1710 1621 1783 propter
1660 1704 1787 1763 vim
1832 1722 2144 1762 armorum
2174 1721 2305 1760 non
2332 1698 2542 1771 licebat,

526 1804 784 1865 aderant
824 1791 1030 1863 tamen
1072 1808 1139 1862 et
1179 1804 1243 1860 in
1271 1801 1561 1861 medullis
1587 1800 1806 1878 populi
1836 1799 2103 1860 Romani
2135 1821 2216 1860 ac
2243 1794 2538 1859 visceribus

524 1898 899 1961 haerebant!
939 1900 1060 1959 nisi
1087 1899 1245 1958 forte
1277 1896 1457 1957 Attio
1485 1904 1619 1956 tum
1646 1897 1858 1976 plaudi
1888 1904 1954 1958 et
1982 1897 2386 1977 sexagesimo
2421 1896 2541 1969 post

526 2017 688 2056 anno
728 1996 997 2074 palmam
1025 1996 1177 2070 dari,
1208 2015 1333 2054 non
1361 1994 1559 2053 Bruto
1592 1995 1930 2076 putabatis,
1961 1995 2067 2072 qui
2106 1993 2285 2053 ludis
2311 1991 2431 2051 suis
2465 1988 2535 2045 ita

525 2092 742 2168 caruit,
768 2097 842 2149 ut
868 2092 935 2149 in
963 2091 1071 2158 illo
1099 2091 1574 2170 apparatissimo
1618 2090 1970 2170 spectaculo
1997 2081 2279 2151 studium
2304 2083 2536 2169 populus

522 2188 837 2247 Romanus
865 2189 1166 2248 tribueret·
1210 2190 1474 2265 absenti,
1504 2189 1873 2249 desiderium
1917 2189 2276 2250 liberatoris
2317 2186 2405 2246 sui
2429 2201 2533 2261 per-
2618 2220 2621 2224 ⁴

524 2290 716 2363 petuo
743 2284 965 2362 plausu
993 2291 1061 2345 et
1088 2285 1351 2346 clamore
1380 2286 1622 2347 leniret.

643 2381 947 2459 Equidem
976 2381 1029 2440 is
1060 2402 1195 2440 sum
1222 2383 1327 2460 qui
1357 2383 1513 2443 istos
1539 2382 1813 2462 plausus,
1842 2404 2030 2461 quum
2060 2405 2097 2442 a
2127 2381 2348 2464 populi
2384 2379 2531 2456 parte

523 2479 757 2539 civibus
775 2477 1208 2555 tribuerentur,
1227 2499 1471 2558 semper
1493 2481 1961 2559 contempserim
1988 2502 2004 2557 3
2047 2481 2357 2560 idemque,
2373 2488 2530 2553 quum

523 2597 560 2635 a
587 2576 859 2652 summiS‚
899 2575 1138 2652 mediis,
1166 2574 1410 2653 infimiS,
1441 2597 1631 2654 quum
1674 2577 1937 2656 denique
1980 2579 2059 2637 ab
2101 2574 2402 2638 universis
2436 2568 2529 2626 hoc

524 2674 688 2734 idem
715 2673 805 2750 fit,
835 2693 1144 2752 quumque
1172 2673 1236 2749 ii,
1255 2674 1358 2750 qui
1388 2680 1537 2733 ante
1566 2673 1742 2752 sequi
1770 2674 1984 2753 populi
2013 2692 2381 2735 consensum
2405 2664 2529 2728 sole·

521 2771 692 2846 bant,
722 2771 992 2849 fugiunt,
1021 2790 1144 2828 non
1172 2770 1457 2848 plausum
1485 2770 1681 2847 illum,
1712 2772 1824 2833 sed
1863 2772 2163 2850 judicium
2192 2778 2367 2851 puto,
2441 2762 2526 2823 Sin

522 2867 674 2926 haec
715 2865 948 2926 leviora
992 2867 1165 2927 vobis
1219 2867 1524 2944 videntur,
1581 2888 1741 2945 quae
1797 2875 1943 2929 sunt
1996 2871 2373 2948 gravissima,
2409 2876 2528 2920 num

522 2963 710 3023 etiam
757 2961 875 3020 hoc
920 2964 1336 3040 contemnitiS,
1366 2965 1535 3042 quod
1583 2966 1886 3042 sensistis,
1915 2971 2044 3024 tam
2087 2987 2294 3026 caram
2332 2954 2527 3041 populo

522 3057 800 3116 Romano
826 3058 1023 3118 vitam
1050 3057 1130 3120 A„
1163 3060 1353 3118 Hirtii
1383 3062 1572 3121 fuisse
1590 3063 1620 3122 P
1677 3060 1842 3121 Satis
1871 3067 2004 3122 erat
2044 3062 2205 3122 enim
2233 3059 2522 3139 probatum

522 3153 693 3212 illum
723 3173 860 3212 esse
887 3155 1120 3233 populo
1148 3156 1449 3233 Romano,
1477 3162 1550 3215 ut
1577 3163 1694 3233 est,
1721 3159 2056 3236 jucundum
2085 3159 2318 3235 amiciS,
2344 3157 2404 3214 in
2427 3165 2527 3228 quo

521 3251 711 3310 vincit
738 3271 969 3327 omneS‚
1000 3272 1201 3311 carum
1247 3254 1393 3329 suis,
1421 3254 1643 3332 quibus
1685 3260 1785 3313 est
1824 3256 1959 3333 ipse
2000 3255 2384 3327 carissimus;
2420 3254 2526 3306 tan·

520 3355 645 3406 tam
673 3356 883 3408 tamen
911 3348 1389 3410 sollicitudinem
1417 3350 1739 3427 bonorum,
1766 3357 2012 3410 tantum
2041 3354 2321 3412 timorem
2344 3351 2403 3407 in
2426 3357 2525 3421 quo

523 3446 902 3505 meminimus
924 3449 954 3508 P
1039 3446 1224 3507 Certe
1270 3447 1333 3505 in
1384 3446 1573 3507 nu110.
1687 3445 1858 3518 Quid
1915 3450 2110 3528 igitur
2127 3450 2158 3510 P
2238 3446 2376 3507 Hoc
2416 3454 2522 3508 v08‚

520 3561 633 3619 per
659 3543 808 3604 deos
834 3543 1232 3619 immortaleS,
1264 3543 1443 3621 quale
1474 3544 1558 3602 sit
1577 3564 1701 3602 non
1723 3543 2219 3623 interpretamini
2235 3545 2264 3604 P
2347 3530 2523 3611 Quid?

520 3658 627 3698 eos
657 3640 736 3699 de
762 3646 967 3700 vestra
997 3640 1126 3697 vita
1154 3639 1431 3717 cogitare
1458 3659 1581 3698 non
1610 3641 2140 3719 censetis,“quibus
2158 3644 2520 3715 eorum‚qUOS

521 3742 773 3811 sperant
800 3737 888 3795 rei
916 3735 1200 3813 publicae
1228 3734 1639 3810 consulturOS,
1668 3736 1802 3795 vita
1831 3743 1960 3795 tam
1988 3759 2128 3797 cara
2157 3739 2244 3797 sit
2263 3739 2293 3798 P

642 3827 796 3904 Cepi
837 3830 1122 3903 fructum,
1152 3835 1360 3905 patres
1404 3830 1756 3907 conscripti,
1785 3834 2158 3893 reversionis
2197 3851 2391 3908 meae,
2407 3840 2521 3905 qUO·
