2725 4299
318 287 393 347 18
811 288 885 337 IN
930 288 1297 338 CATILINAM
1343 290 1590 340 ORATIO
1634 290 1955 343 SECUNDA.

416 448 724 525 militaria,
752 469 941 527 quum
968 450 1238 528 aquilam
1264 450 1436 510 illam
1479 460 1855 531 argenteam,
1883 455 1983 514 cui
2008 453 2114 514 ille
2141 457 2329 515 etiam
2371 477 2465 518 sa-

418 547 678 605 crarium
724 546 894 604 domi
939 566 1087 606 suae
1130 549 1383 624 fecerat,
1433 550 1652 608 scirem
1699 569 1837 610 esse
1881 552 2302 629 praemissam.
2385 554 2461 612 In

416 643 704 702 exsilium
732 643 1076 723 ejiciebam,
1104 664 1286 722 quem
1324 645 1450 724 jam
1479 645 1825 724 ingressum
1857 667 1996 707 esse
2024 649 2092 707 in
2119 649 2347 709 bellum
2373 653 2464 712 vi·

415 739 635 799 debam
653 741 683 800 ⁸?
765 740 1037 818 Etenim,
1066 742 1272 818 crede,
1302 741 1577 801 Manlius
1606 744 1727 803 iste
1757 745 2055 821 centuriO,
2083 746 2189 823 qui
2215 747 2280 804 in
2308 767 2461 825 agro

328 912 335 921 Ι
361 848 390 893 5
417 836 764 898 Faesulano
785 844 986 897 castra
1011 839 1240 915 posuit,
1261 838 1489 898 bellum
1518 839 1749 917 populo
1777 839 2061 900 Romano
2081 860 2194 901 suo
2213 844 2459 903 nomine

414 935 656 1012 indixit,
684 942 750 995 et
778 934 886 995 illa
914 941 1117 994 castra
1145 955 1307 993 nunc
1328 955 1454 995 non
1477 935 1807 995 Catilinam
1829 937 2047 997 ducem
2072 946 2458 1019 exspectant,

414 1039 482 1091 et
507 1031 613 1092 ille
658 1033 894 1111 ejectus
939 1032 1007 1090 in
1056 1031 1341 1091 exsilium
1387 1052 1455 1092 se
1499 1032 1859 1111 Massiliam,
1888 1040 1962 1093 ut
2003 1021 2200 1112 aiunt,
2227 1056 2349 1095 non
2392 1036 2457 1095 in

413 1127 566 1210 haec
593 1136 792 1188 castra
819 1129 1110 1189 conferet.

532 1225 676 1285 VII.
709 1224 766 1285 O
796 1227 1224 1285 condicionem
1243 1227 1532 1287 miseram
1560 1247 1685 1287 non
1713 1228 1894 1288 modo
1922 1228 2456 1306 administrandae,

328 1333 389 1380 10
413 1341 623 1381 verum
652 1322 837 1380 etiam
864 1324 1321 1382 conservandae
1349 1325 1439 1383 rei
1481 1324 1770 1402 publicae
1795 1327 1810 1385 1
1895 1325 2080 1385 Nunc
2108 1325 2163 1384 si
2190 1325 2258 1385 L.
2291 1324 2456 1384 Cati·

412 1418 539 1476 lina
565 1418 852 1494 consiliiS,
880 1418 1213 1495 laboribus,
1242 1420 1536 1498 periculis
1577 1422 1732 1481 meis
1773 1421 2207 1481 circumclusus
2248 1442 2320 1481 ac
2358 1422 2461 1481 de·

410 1514 692 1574 bilitatus
758 1516 961 1575 subito
1025 1517 1436 1595 pertimuerit,
1507 1519 1880 1578 sententiam
1949 1520 2300 1597 mutaverit,
2354 1519 2456 1578 de-

411 1613 673 1671 seruerit
737 1633 901 1689 su03,
946 1613 1265 1673 consilium
1314 1614 1465 1674 belli
1509 1616 1779 1675 faciendi
1835 1615 2154 1694 abjecerit,
2205 1635 2284 1674 ex
2337 1615 2457 1674 hoc

410 1729 590 1768 cursu
617 1710 864 1770 sceleris
891 1716 960 1769 et
997 1710 1149 1771 belli
1177 1711 1300 1771 iter
1339 1713 1420 1771 ad
1448 1713 1661 1790 fugam
1691 1718 1878 1790 atque
1908 1713 1974 1770 in
2001 1712 2289 1771 exsilium
2318 1732 2458 1772 con-

325 1816 385 1863 15
412 1808 681 1884 verterit,
725 1827 850 1867 non
894 1806 1000 1867 ille
1040 1829 1078 1867 a
1122 1828 1221 1868 me
1269 1809 1577 1886 spoliatus
1625 1809 1809 1867 armis
1852 1808 2161 1885 audaciae,
2189 1828 2314 1866 non
2354 1808 2458 1866 ob-

410 1905 795 1982 stupefactus
823 1925 894 1964 ac
918 1907 1280 1983 perterritus
1322 1926 1462 1966 mea
1490 1905 1837 1984 diligentia,
1864 1925 1988 1965 non
2031 1906 2109 1965 de
2140 1925 2251 1983 spe
2280 1902 2457 1964 cona-

409 2006 598 2077 tuque
625 2001 938 2079 depulsuS‚
968 2003 1080 2062 sed
1122 2003 1518 2062 indemnatus
1563 2004 1858 2062 innocens
1885 2003 1950 2060 in
1990 2001 2271 2062 exsilium
2303 2002 2456 2080 ejec-

408 2102 510 2155 tus
539 2117 576 2155 a
603 2097 851 2158 consule
880 2098 944 2158 vi
971 2103 1037 2158 et
1064 2098 1247 2158 minis
1276 2100 1555 2176 dicetur3
1598 2106 1664 2160 et
1692 2105 1875 2160 erunt
1903 2099 2008 2177 qui
2033 2098 2227 2177 illum,
2258 2100 2314 2159 si
2340 2096 2455 2158 hoc

407 2194 636 2269 fecerit,
653 2214 777 2253 non
796 2195 1159 2272 improbum,
1182 2196 1294 2255 sed
1314 2197 1624 2274 miserum,
1645 2218 1743 2257 me
1765 2218 1889 2256 non
1906 2195 2452 2273 diligentissimum
2512 2240 2516 2243 -

320 2302 384 2348 20
409 2289 739 2366 consulem,
783 2291 896 2350 sed
942 2292 1428 2351 crudelissimum
1473 2299 1809 2372 tyrannum
1848 2293 2189 2352 existimari
2237 2292 2449 2353 velint.

408 2385 525 2445 Est
551 2386 699 2444 mihi
726 2388 906 2463 tanti,
934 2385 1230 2465 Quirites,
1259 2390 1444 2468 hujus
1471 2391 1741 2450 invidiae
1771 2390 1965 2449 falsae
1993 2396 2178 2467 atque
2208 2389 2452 2466 iniquae

405 2488 841 2561 tempestatem
871 2485 1093 2562 subire,
1123 2487 1272 2544 dum
1298 2487 1484 2546 modo
1511 2508 1549 2546 a
1576 2483 1753 2547 vobis
1775 2487 1957 2567 hujus
1978 2486 2281 2551 horribilis
2301 2483 2451 2545 belli

405 2601 476 2640 ac
502 2581 719 2641 nefarii
758 2581 1095 2660 periculum
1120 2581 1483 2661 depellatur.
1568 2578 1832 2642 Dicatur
1872 2602 2019 2642 sane
2048 2583 2285 2661 ejectus
2314 2603 2452 2643 esse

405 2699 443 2736 a
470 2699 586 2757 me,
614 2681 760 2739 dum
788 2680 973 2740 modo
1000 2686 1105 2740 eat
1132 2680 1195 2739 in
1223 2680 1543 2740 exsilium:
1588 2680 1719 2756 sed,
1749 2679 1896 2737 mihi
1923 2680 2174 2755 credite,
2200 2698 2327 2737 11011
2354 2686 2453 2738 est

318 2787 380 2833 25
406 2775 621 2837 iturus,
705 2777 1039 2855 Nunquam
1062 2797 1184 2855 ego
1211 2798 1249 2835 a
1268 2778 1389 2836 diis
1411 2776 1858 2835 immortalibus
1880 2774 2129 2853 optab0,
2153 2772 2451 2852 QuiriteS,

406 2874 671 2933 invidiae
699 2894 870 2933 meae
897 2874 1196 2934 levandae
1224 2893 1429 2948 causa,
1457 2879 1529 2931 ut
1565 2872 1634 2933 L.
1668 2872 2000 2933 Catilinam
2028 2871 2253 2931 ducere
2279 2892 2450 2931 exer-

405 2970 599 3027 citum
638 2969 908 3028 hostium
947 2977 1132 3047 atque
1174 2971 1240 3028 in
1280 2970 1463 3028 armis
1488 2969 1750 3030 volitare
1792 2969 2075 3044 audiatiS‚
2105 2969 2216 3028 sed
2243 2968 2451 3028 triduo

404 3071 613 3125 tamen
659 3067 965 3142 audietis;
1007 3065 1327 3143 multoque
1377 3067 1575 3144 magis
1614 3066 1768 3125 illud
1815 3067 2026 3142 time0,
2054 3086 2133 3125 ne
2176 3064 2326 3123 mihi
2368 3066 2453 3125 sit

407 3161 773 3222 invidiosum
822 3162 1173 3240 aliquando,
1219 3163 1388 3240 quod
1432 3162 1604 3221 illum
1662 3163 1968 3231 emiserim
2011 3162 2222 3239 potius
2267 3181 2451 3238 quam

317 3274 382 3319 30
408 3258 573 3336 quod
622 3259 924 3338 ejecerim.
1013 3258 1139 3320 Sed
1182 3279 1370 3337 quum
1414 3260 1541 3319 sint
1579 3259 1878 3336 homineS,
1907 3259 2013 3337 qui
2040 3258 2235 3334 illum,
2263 3278 2448 3333 quum

407 3356 715 3434 profectus
776 3356 878 3431 sit,
924 3355 1190 3440 ejectum
1235 3376 1374 3415 esse
1438 3355 1666 3431 dicant,
1714 3356 1924 3431 iidem,
1974 3354 2028 3413 si
2085 3354 2452 3413 interfectus

407 3459 594 3528 esset,
623 3452 769 3531 quid
798 3453 1120 3513 dicerent?
1967 3523 1972 3528 ,

529 3547 910 3626 Quamquam
951 3550 1080 3625 isti,
1107 3550 1213 3626 qui
1254 3548 1581 3609 Catilinam
1622 3547 1965 3607 Massiliam
2006 3548 2096 3608 ire
2137 3546 2453 3622 dictitant,

407 3667 533 3705 non
554 3654 682 3705 tam
709 3646 825 3706 hoc
853 3651 1194 3723 queruntur
1233 3665 1419 3723 quam
1447 3650 1751 3705 verentur.
1837 3643 2041 3703 Nemo
2069 3649 2168 3703 est
2194 3644 2456 3702 istorum

320 3755 386 3803 35
412 3749 541 3801 tam
568 3744 924 3818 misericorS,
953 3743 1057 3819 qui
1085 3741 1257 3801 illum
1285 3762 1413 3801 non
1441 3741 1522 3800 ad
1548 3741 1847 3823 Manlium
1875 3760 2061 3819 quam
2091 3740 2170 3799 ad
2197 3739 2457 3798 Massili-

411 3857 595 3897 enses
636 3839 726 3897 ire
769 3838 965 3899 malit.
1050 3838 1167 3897 Ille
1212 3842 1443 3914 autem,
1487 3838 1545 3896 si
1590 3836 1937 3897 mehercule
1984 3836 2101 3896 hoc
2127 3836 2292 3914 quod
2321 3836 2458 3914 agit
