2725 4299
873 280 1003 331 PRO
1047 281 1305 330 ARCHIA
1347 282 1565 332 POETA
1608 282 1865 347 ORATIO.
2356 286 2433 346 51

279 443 624 522 ascriptum
667 443 1132 504 Heracliensem
1171 444 1403 506 dicunt.
1487 444 1613 505 Hic
1640 451 1713 504 tu
1741 445 1987 505 tabulas
2015 446 2331 507 desideras

280 539 786 600 Heracliensium
812 539 1105 618 publicaS,
1126 560 1278 619 quas
1305 541 1531 602 Italico
1551 541 1718 602 bello
1743 542 1994 603 incenso
2021 543 2329 603 tabulario

278 635 574 698 interisse
617 637 845 696 scimus
885 656 1115 696 omnes.
1199 636 1319 697 Est
1359 637 1688 698 ridiculum
1729 639 1810 697 ad
1837 659 1931 715 ea,
1961 658 2120 716 quae
2146 638 2331 699 habc-

280 753 443 810 muS,
471 733 623 791 nihil
664 734 885 809 dicere,
912 733 1243 811 requirere,
1272 754 1433 811 quae
1473 733 1703 795 habere
1731 754 1856 794 non
1882 755 2230 813 possumus,
2261 742 2330 796 et

281 830 366 890 de
386 830 703 889 hominum
724 829 1017 889 memoria
1038 835 1261 905 tacere,
1282 830 1625 890 litterarum
1642 832 1991 892 memoriam
2013 833 2327 911 flagitarer,
2357 846 2386 891 5

283 932 354 986 et
408 926 599 1004 quum
647 926 877 986 habeas
931 925 1296 1004 amplissimi
1342 927 1460 986 viri
1517 926 1900 1005 religionem,
1948 928 2329 1007 integerrimi

282 1024 605 1102 municipii
642 1024 745 1102 jus
782 1023 1109 1102 jurandum
1138 1023 1465 1100 fidemque,
1495 1043 1588 1099 ea,
1618 1043 1775 1101 quae
1818 1026 2135 1103 depravari
2161 1026 2330 1085 nullo
2419 1082 2442 1089 -

285 1122 472 1181 modo
514 1126 797 1198 possunt,
839 1120 1178 1198 repudiare,
1206 1118 1474 1195 tabulaS,
1516 1140 1671 1197 quas
1716 1121 1882 1181 idem
1931 1121 2087 1181 dicis
2135 1122 2331 1182 solere

284 1217 613 1294 corrumpi,
641 1216 1002 1277 desiderare.
1086 1214 1192 1273 An
1221 1216 1594 1276 domicilium
1622 1217 1856 1278 Romae
1883 1238 2008 1278 non
2034 1217 2251 1278 habuit
2277 1219 2332 1278 is

284 1315 393 1392 qui
436 1319 536 1372 tot
577 1313 756 1371 annis
798 1319 941 1371 ante
984 1312 1302 1372 civitatem
1342 1313 1548 1372 datam
1579 1315 1788 1375 sedem
1829 1316 2102 1375 omnium
2130 1336 2330 1376 rerum
2361 1329 2422 1375 10

285 1429 360 1469 ac
386 1410 767 1468 fortunarum
797 1428 1040 1467 suarum
1081 1408 1315 1469 Romae
1344 1409 1711 1471 collocavit?
1791 1410 1898 1470 An
1923 1431 2048 1471 nou
2077 1419 2174 1472 est
2199 1433 2333 1491 pro-

280 1507 489 1566 fessus
507 1506 537 1565 Ρ
616 1504 812 1564 Immo
839 1525 986 1565 vero
1012 1505 1089 1563 iis
1115 1505 1348 1565 tabulis
1376 1507 1703 1584 professuS‚
1733 1528 1890 1586 quae
1918 1506 2087 1568 solae
2115 1529 2196 1569 ex
2223 1508 2333 1567 illa

281 1603 670 1682 professione
727 1602 1113 1681 collegioque
1174 1608 1531 1682 praetorum
1593 1604 1883 1665 obtinent
1945 1604 2330 1683 publicarum

282 1698 636 1758 tabularum
666 1699 1114 1760 auctoritatem.

408 1795 489 1857 V.
535 1794 697 1854 Nam
743 1815 931 1872 quum
973 1788 1169 1874 Appii
1214 1795 1462 1857 tabulae
1509 1797 1931 1876 negligentius
1981 1805 2330 1857 asservatae
2361 1813 2421 1860 15

283 1895 657 1970 dicerentur,
686 1892 958 1969 Gabinii,
987 1913 1170 1972 quam
1212 1894 1321 1952 diu
1360 1893 1685 1953 incolumis
1728 1894 1870 1968 fuit,
1906 1892 2150 1969 levitae,
2190 1899 2335 1970 post

285 1991 747 2052 damnationem
782 1990 1098 2049 calamitas
1143 2010 1388 2049 omnem
1430 1989 1782 2049 tabularum
1810 1989 1996 2049 fidem
2037 1990 2334 2068 resignas·

283 2095 405 2167 set,
462 2088 770 2166 MetelluS,
825 2087 1008 2147 homo
1063 2087 1486 2146 sanctissimus
1543 2087 2156 2165 modestissimusque
2211 2107 2332 2147 om·

284 2188 479 2263 nium,
507 2194 687 2245 tanta
726 2184 1058 2264 diligentia
1101 2185 1236 2261 fuit,
1266 2191 1338 2242 ut
1380 2185 1459 2243 ad
1502 2184 1571 2245 L.
1612 2185 1942 2244 Lentulum
1985 2192 2330 2264 praetorem

286 2292 355 2345 et
382 2284 461 2343 ad
501 2284 738 2363 judices
763 2283 1005 2344 venerit
1032 2287 1097 2341 et
1124 2282 1307 2340 unius
1344 2282 1612 2341 nominis
1652 2281 1835 2341 litura
1865 2302 1931 2342 se
1960 2289 2326 2342 commotum
2358 2297 2421 2343 20

285 2405 427 2445 esse
454 2384 695 2443 dixerit.
779 2382 898 2442 His
938 2382 1134 2460 igitur
1175 2381 1405 2441 tabulis
1432 2381 1660 2440 nullam
1701 2381 1950 2441 lituram
1979 2382 2045 2441 in
2085 2382 2329 2442 nomine

284 2480 369 2542 A.
401 2481 625 2541 Licinii
654 2481 898 2541 videtis·

410 2577 586 2652 Quae
614 2598 802 2655 quum
841 2578 929 2635 ita
970 2577 1117 2652 sint,
1145 2576 1295 2654 quid
1337 2582 1437 2636 est
1462 2576 1626 2654 quod
1655 2576 1733 2635 de
1775 2575 1910 2653 ejus
1939 2575 2191 2635 civitate
2227 2576 2332 2633 du·

284 2673 528 2751 bitetis,
556 2674 921 2753 praesertim
964 2693 1151 2751 quum
1195 2673 1331 2731 aliis
1373 2692 1616 2751 quoque
1657 2673 1721 2729 in
1764 2671 2121 2730 civitatibus
2149 2672 2333 2730 fuerit

284 2773 594 2850 ascriptus
616 2773 645 2831 P
728 2770 974 2829 Etenim
1004 2789 1191 2848 quum
1233 2769 1645 2829 mediocribus
1685 2766 1898 2826 multis
1926 2772 1991 2827 et
2019 2773 2129 2826 aut
2166 2767 2331 2827 nulla
2359 2779 2421 2825 25

285 2874 397 2928 aut
422 2867 641 2926 humili
669 2867 875 2944 aliqua
904 2873 1037 2925 arte
1080 2867 1375 2944 praeditis
1406 2866 1725 2925 civitatem
1763 2864 1829 2922 in
1857 2863 2118 2924 Graecia
2146 2865 2333 2924 homi-

282 2985 398 3024 nes
440 2963 904 3041 impertiebant,
948 2962 1224 3041 Reginos
1268 2964 1454 3022 credo
1496 2968 1605 3021 aut
1651 2961 1986 3022 Locrenses
2024 2968 2134 3021 aut
2173 2962 2237 3021 N
2240 2984 2336 3023 ea-

283 3060 599 3139 politanos
643 3066 752 3118 aut
795 3059 1178 3135 TarentinOS,
1207 3060 1373 3137 quod
1417 3059 1715 3119 scaenicis
1754 3059 2087 3119 artificibus
2125 3060 2334 3139 largiri

285 3157 595 3232 solebant,
623 3157 689 3214 id
721 3156 884 3232 huic,
915 3176 1148 3215 summa
1188 3156 1426 3234 ingenii
1467 3156 1751 3234 praedito
1795 3155 2012 3234 gloria,
2043 3157 2329 3216 noluisse.

286 3252 477 3329 Quid,
520 3275 708 3331 quum
757 3254 948 3313 ceteri
995 3273 1122 3312 non
1168 3254 1354 3312 modo
1402 3259 1546 3330 post
1593 3253 1910 3313 civitatem
1954 3254 2181 3330 datam,
2224 3253 2333 3312 sed
2360 3264 2425 3310 30

287 3351 477 3410 etiam
518 3355 664 3428 post
690 3350 893 3428 legem
935 3349 1193 3427 Papiam
1222 3349 1432 3427 aliquo
1472 3349 1656 3410 modo
1682 3351 1746 3408 in
1777 3370 1988 3410 eorum
2022 3349 2336 3427 municipi-

287 3467 460 3506 orum
511 3446 756 3506 tabulas
812 3447 1187 3524 irrepserint,
1228 3444 1348 3521 hic,
1391 3447 1500 3523 qui
1541 3467 1619 3507 ne
1662 3447 1862 3506 utitur
1901 3447 2154 3524 quidem
2193 3444 2334 3519 illis,

287 3545 352 3602 in
381 3544 607 3622 quibus
649 3549 747 3602 est
788 3543 1072 3621 scriptuS,
1101 3543 1267 3619 quod
1310 3562 1552 3620 semper
1591 3563 1659 3603 se
1698 3542 2158 3603 Heracliensem
2199 3559 2336 3599 esse

290 3640 512 3715 voluit,
539 3640 854 3719 rejicietur
873 3642 903 3701 ’Β

415 3735 651 3796 Census
692 3743 938 3796 nostros
978 3736 1253 3814 requiris.
1342 3735 1631 3811 Scilicet3
1673 3740 1773 3795 est
1800 3734 1965 3794 enim
2006 3732 2338 3793 obscurum
2366 3746 2428 3793 35

293 3834 592 3912 proximis
621 3834 975 3893 censoribus
1000 3832 1163 3892 hunc
1193 3854 1328 3892 cum
1359 3832 1697 3893 clarissimo
1725 3831 2096 3908 imperatore
2125 3830 2192 3891 L
2225 3830 2342 3890 Lu·
