2725 4299
875 304 1006 354 PRO
1051 304 1108 362 Q.
1145 303 1420 354 LIGARIO
1466 303 1722 353 ORATIO.
2244 305 2360 364 101

205 474 349 527 tuas
389 467 876 545 patientissimas
904 487 1104 545 aurea,
1134 487 1319 546 quam
1345 487 1426 528 ne
1459 467 1722 543 Tubero,
1749 464 1915 544 quod
1941 485 2256 544 nunquam

205 564 538 643 cogitavit,
586 565 857 624 facturus
904 565 1098 624 fuisse
1144 565 1446 625 videatur.
1531 562 1896 623 Veniebatis
1949 563 2146 642 igitur
2191 563 2254 621 in

203 659 507 739 Africam,
535 661 913 740 provinciam
940 682 1125 720 unam
1155 680 1233 721 ex
1262 661 1546 720 omnibus
1573 660 1717 720 huic
1743 658 2037 720 victoriae
2066 660 2255 718 maxi-

204 778 303 818 me
332 759 650 835 infestam,
679 758 744 817 in
777 777 900 835 qua
943 766 1078 817 erat
1122 778 1244 817 rex·
1273 758 1744 836 potentissimus
1784 757 2071 816 inimicus
2113 756 2253 816 huic

205 874 451 932 causae,
470 853 672 915 aliena
691 854 979 915 voluntas
1017 860 1354 914 conventus
1376 854 1531 911 firmi
1551 859 1739 931 atque
1755 853 1983 931 magni.
2055 851 2250 926 Quae-
2277 864 2306 908 5

203 970 313 1012 ro:
400 949 569 1024 Quid
609 950 829 1010 facturi
854 950 1064 1009 fuistis
1085 951 1115 1010 ’Β
1196 948 1603 1027 Quamquam,
1630 949 1780 1027 quid
1814 949 2035 1008 facturi
2074 945 2251 1008 fu‘eri-

201 1048 309 1125 tis,
338 1046 642 1124 dubitem,
672 1066 860 1125 quum
886 1047 1145 1124 videam,
1175 1046 1324 1125 quid
1351 1046 1627 1106 feceritis
1648 1047 1678 1106 ’Β
1758 1044 2063 1104 Prohibiti
2095 1047 2248 1105 estis

202 1144 268 1202 in
298 1144 620 1222 provincia
647 1150 856 1204 vestra
882 1144 1105 1221 pedem
1144 1164 1397 1222 ponere,
1426 1150 1491 1203 et
1522 1141 1820 1220 prohibiti
1849 1162 2086 1202 summa
2113 1163 2252 1202 cum

202 1242 450 1321 injuria.
535 1233 677 1314 Quo
703 1241 885 1300 modo
911 1241 976 1300 id
1001 1227 1239 1299 tulistis
1261 1242 1291 1301 ?
1331 1249 1623 1319 acceptae
1651 1240 1912 1320 injuriae
1940 1240 2249 1318 querelam

202 1338 285 1397 ad
318 1358 503 1416 quem
546 1337 860 1398 detulistis
881 1339 911 1398 ’Β
992 1336 1237 1416 Nempe
1281 1338 1361 1396 ad
1407 1357 1564 1414 eum,
1594 1339 1772 1417 cujus
1817 1338 2247 1398 auctoritatem
2278 1348 2339 1394 lo

204 1436 409 1495 secuti
428 1436 493 1493 in
514 1435 878 1495 societatem
904 1434 1049 1494 belli
1073 1435 1397 1495 veneratis,
1483 1432 1665 1508 Quod
1692 1435 1744 1494 si
1766 1434 2039 1495 Caesaris
2063 1455 2248 1494 causa

201 1531 268 1590 in
294 1532 676 1610 provinciam
704 1532 1070 1607 veniebatiS,
1093 1531 1174 1590 ad
1201 1550 1344 1591 eum
1372 1532 1649 1610 profecto
1676 1531 1912 1591 exclusi
1938 1532 2249 1609 provincia

138 1617 139 1620 Ἴ
203 1629 551 1690 venissetis,
638 1627 920 1688 Venistis
966 1629 1045 1687 ad
1089 1626 1469 1707 Pompeium.
1555 1626 1731 1701 Quae
1760 1635 1860 1687 est
1901 1648 2048 1706 ergo
2081 1629 2249 1706 apud

204 1725 534 1786 Caesarem
579 1725 852 1803 querela,
879 1745 1071 1803 quum
1114 1746 1255 1785 eum
1301 1725 1629 1801 accusetiS,
1663 1745 1700 1783 a
1743 1744 1867 1802 quo
1911 1725 2249 1802 queramini

203 1822 551 1902 prohibitos
586 1842 726 1882 esse
757 1842 869 1882 vos
912 1828 1124 1881 contra
1152 1821 1476 1882 Caesarem
1519 1840 1734 1900 gerere
1772 1820 2003 1881 bellum
2023 1823 2054 1881 *Ρ
2135 1819 2249 1878 At-
2277 1832 2337 1878 15

204 1939 329 1998 que
371 1920 436 1977 in
475 1918 594 1978 hoc
621 1920 868 1997 quidem
896 1918 997 1979 vel
1038 1939 1176 1978 cum
1213 1918 1556 1995 mendacin,
1586 1917 1636 1976 si
1666 1916 1874 1994 vultiS‚
1900 1916 2248 1996 gloriemini

202 2036 320 2096 per
376 2036 474 2076 me
527 2014 694 2092 licet,
741 2036 853 2076 vos
906 2013 1288 2094 provinciam
1343 2015 1536 2073 fuisse
1590 2013 1840 2074 Caesari
1894 2014 2245 2076 tradituros·

204 2113 418 2173 Etiam
463 2112 515 2172 si
559 2133 595 2172 a
622 2112 794 2173 Varo
823 2119 889 2174 et
925 2135 963 2174 a
991 2114 1357 2193 quibusdam
1402 2113 1543 2175 aliis
1587 2114 1883 2193 prohibiti
1926 2113 2098 2190 estis,
2127 2132 2248 2192 ego

204 2218 419 2271 tamen
448 2211 784 2270 confitebor
810 2211 1050 2290 culpam
1079 2233 1218 2272 esse
1250 2212 1502 2292 Ligarii,
1532 2213 1637 2291 qui
1664 2233 1774 2273 vos
1803 2219 2016 2272 tantae
2044 2210 2247 2271 laudis

206 2310 530 2370 occasione
556 2297 906 2388 privav'erit.
2273 2317 2338 2364 20

327 2406 442 2466 DL
488 2405 613 2466 Sed
652 2406 815 2483 vide,
838 2406 1094 2484 quaem,
1124 2405 1368 2483 Caesar,
1414 2408 1823 2467 constantiam
1868 2407 2247 2467 ornatissimi

205 2504 340 2581 viri,
362 2504 722 2581 TuberoniS,
745 2523 931 2582 quam
951 2509 1092 2582 ego,
1115 2505 1396 2582 quamvis
1418 2505 1552 2583 ipse
1571 2505 1916 2584 probarem,
1938 2512 2010 2563 ut
2031 2504 2247 2581 prob0,

205 2608 419 2661 tamen
446 2622 572 2660 non
599 2621 1156 2677 commemorarem,
1177 2602 1299 2659 nisi
1328 2622 1366 2660 a
1393 2611 1460 2661 te
1489 2602 1918 2679 cognovissem
1946 2602 2011 2658 in
2036 2600 2247 2678 primis

206 2719 349 2760 eam
375 2698 670 2758 virtutem
698 2698 895 2758 solere
940 2697 1189 2758 laudari.
1275 2697 1449 2772 Quae
1482 2697 1600 2755 fuit
1640 2697 1836 2775 igitur
1871 2716 2139 2773 unquam
2181 2696 2247 2753 in

206 2795 337 2855 ullo
363 2794 614 2855 homine
655 2800 831 2853 tanta
867 2795 1212 2853 constantia
1233 2796 1263 2855 ’Β
1344 2793 1777 2853 Constantiam
1804 2793 1945 2852 dico
1966 2792 2008 2852 ’ἶ
2036 2792 2246 2851 nescio
2273 2801 2336 2846 25

204 2913 287 2952 an
315 2892 542 2952 melius
583 2891 975 2971 patientiam¹
997 2892 1227 2969 possim
1273 2890 1498 2951 dicere.
1584 2889 1830 2964 Quotus
1872 2889 2035 2950 enim
2079 2888 2248 2948 istud

205 2987 471 3066 quisque
500 2986 772 3062 fecisset,
801 2992 893 3063 ut,
921 3005 959 3044 a
987 2986 1212 3062 quibus
1251 2985 1530 3063 partibus
1568 2986 1634 3043 in
1663 2985 2044 3045 dissensione
2086 2984 2249 3045 civili

203 3105 335 3144 non
363 3090 529 3143 esset
557 3089 867 3160 receptus,
896 3089 1063 3142 esset
1089 3083 1277 3142 etiam
1305 3101 1446 3140 cum
1472 3081 1833 3142 crudelitate
1860 3083 2148 3162 rejectus,
2170 3083 2251 3142 ad

204 3201 316 3242 eos
342 3181 515 3259 ipsos
541 3179 767 3239 rediret
789 3181 818 3240 ⁴?
899 3177 1114 3258 Magni
1154 3166 1475 3259 cujusdam
1518 3179 1708 3237 animi
1752 3186 1938 3258 atque
1966 3181 2103 3260 ejus
2129 3181 2249 3242 viri

204 3285 326 3354 est,
355 3298 540 3356 quem
569 3277 647 3335 de
693 3282 981 3353 suscepta
1014 3295 1198 3335 causa
1240 3276 1681 3354 propositaque
1727 3279 2036 3337 sententia
2077 3277 2249 3336 nulla
2275 3288 2340 3334 30

205 3373 605 3449 contumelia,
642 3372 813 3432 nulla
856 3373 972 3450 viS,
1016 3371 1250 3431 nullum
1295 3372 1632 3451 periculum
1674 3376 1875 3451 possit
1919 3373 2244 3452 depellere.

205 3471 302 3532 Ut
344 3472 510 3531 enim
555 3477 761 3530 cetera
803 3471 977 3548 paria
1018 3468 1326 3529 Tuberoni
1355 3489 1495 3529 cum
1521 3469 1691 3550 Varo
1724 3471 2006 3547 fuissent,
2034 3469 2247 3544 honOS‚

205 3567 520 3642 nobilitaS,
552 3566 862 3645 splendor,
887 3568 1226 3645 ingenium,
1248 3587 1407 3644 quae
1435 3587 1821 3645 nequaquam
1848 3569 2113 3640 fuerunt,
2134 3564 2248 3623 hoc

206 3671 375 3727 certe
420 3666 822 3742 praecipuum
863 3663 1200 3723 Tuberonis
1229 3664 1368 3739 fuit,
1398 3664 1564 3741 quod
1606 3664 1776 3743 justo
1816 3683 1956 3721 cum
1994 3661 2248 3738 imperIO

206 3783 289 3824 ex
334 3767 590 3822 senatus
634 3760 915 3820 consulto
957 3761 1023 3818 in
1070 3760 1448 3838 provinciam
1497 3779 1669 3817 suam
1712 3763 1985 3819 venerat.
2084 3755 2250 3817 Hinc
2275 3770 2338 3816 35

205 3859 557 3939 prohibitus
605 3878 731 3917 non
778 3858 857 3917 ad
906 3856 1248 3932 Caesarem,
1294 3876 1373 3916 ne
1421 3856 1636 3929 iratuS,
1685 3874 1807 3913 non
1855 3854 2125 3930 domum,
2171 3875 2249 3914 ne
