2725 4299
365 315 445 373 14
858 307 932 359 ΙΝ
977 308 1347 359 CATILINAM
1394 309 1638 360 ORATIO
1683 309 2001 360 SECUNDA

466 473 625 534 hanc
652 473 885 550 urbem,
906 493 1090 551 quam
1116 493 1152 533 e
1181 473 1308 532 suis
1329 473 1611 533 faucibus
1632 479 1910 550 ereptam
1932 463 2071 533 esse
2092 473 2305 553 luget:
2351 495 2514 552 quae

468 570 714 647 quidem
741 569 958 630 laetari
984 569 1138 627 mihi
1165 569 1431 646 videtur,
1452 570 1616 647 quod
1644 575 1884 629 tantam
1903 577 2145 649 pestem
2166 574 2517 633 evomuerit

469 668 754 745 forasque
780 667 1123 747 projecerit.

588 763 669 823 ΙΙ.
715 763 811 823 Ac
860 765 912 822 si
955 763 1095 839 quis
1138 770 1234 822 est
1278 762 1444 839 talis,
1474 763 1685 841 quales
1734 782 1948 823 omnes
1993 784 2131 824 esse
2159 766 2513 843 oportebat,

413 873 441 919 ὅ
470 861 572 937 qui
598 861 663 918 in
688 860 805 919 hoc
832 860 991 939 ipso,
1011 861 1077 918 in
1104 880 1225 938 quo
1252 860 1527 920 exsultat
1555 868 1621 920 et
1641 861 1979 939 triumphat
2006 862 2201 920 oratio
2229 883 2388 938 mea,
2407 883 2514 922 me

467 956 866 1017 vehementer
906 965 1175 1034 accuset,
1206 958 1373 1034 quod
1399 964 1529 1015 tam
1572 958 1901 1036 capitalem
1928 957 2171 1018 hostem
2197 979 2323 1018 non
2350 979 2516 1018 com·

467 1055 895 1133 prehenderim
921 1055 1127 1133 potius
1149 1074 1332 1132 quam
1361 1055 1691 1130 emiserim,
1712 1075 1836 1113 non
1865 1062 1962 1114 est
1988 1056 2109 1114 ista
2135 1071 2274 1131 mea
2302 1055 2513 1133 culpa,

470 1152 580 1211 sed
600 1158 961 1230 temporum.
1032 1151 1435 1211 Interfectum
1456 1172 1592 1211 esse
1612 1151 1682 1212 L.
1708 1151 2035 1211 Catilinam
2054 1159 2120 1212 et
2140 1153 2514 1230 gravissimo

470 1248 770 1326 supplicio
812 1250 1101 1307 affectum
1147 1248 1273 1326 jam
1321 1249 1558 1326 pridem
1605 1250 1951 1327 oportebat,
1991 1249 2177 1326 idque
2221 1270 2259 1307 a
2299 1269 2398 1308 me
2440 1255 2512 1309 et

384 1354 446 1401 10
469 1364 601 1404 mos
649 1345 948 1423 majorum
997 1351 1065 1403 et
1115 1344 1300 1424 hujus
1348 1346 1593 1424 imperii
1642 1346 1943 1406 severitas
1995 1351 2065 1404 et
2108 1365 2207 1404 res
2254 1345 2511 1423 publica

468 1440 839 1519 postulabat.
925 1440 1050 1501 Sed
1076 1461 1262 1518 quam
1290 1441 1518 1501 multos
1545 1443 1737 1502 fuisse
1777 1442 2034 1520 putatiS,
2061 1442 2169 1519 qui
2195 1461 2355 1519 quae
2382 1462 2511 1520 ego

467 1538 764 1598 deferrem
805 1558 930 1597 non
970 1539 1310 1615 crederent,
1339 1560 1524 1617 quam
1569 1538 1814 1615 multOS,
1842 1540 1948 1617 qui
1988 1539 2180 1599 etiam
2219 1539 2513 1598 defende-

468 1642 608 1695 rent
623 1636 655 1696 ?
733 1633 832 1695 Ac
860 1636 914 1694 si
943 1635 1049 1694 illo
1094 1635 1341 1695 sublato
1387 1636 1615 1713 depelli
1660 1657 1697 1694 a
1743 1635 1920 1696 vobis
1948 1655 2126 1696 omne
2164 1635 2509 1713 periculum

466 1732 820 1812 judicarem,
847 1733 971 1811 jam
999 1733 1236 1810 pridem
1267 1753 1390 1811 ego
1417 1731 1485 1791 L.
1518 1731 1844 1791 Catilinam
1872 1753 1998 1791 non
2022 1733 2207 1791 modo
2236 1732 2508 1792 invidiae

384 1839 443 1885 15
470 1850 662 1906 meae,
690 1850 902 1890 verum
944 1829 1134 1888 etiam
1160 1829 1331 1889 vitae
1374 1830 1646 1907 periculo
1676 1828 2080 1890 sustulissem.
2164 1827 2290 1888 Sed
2315 1848 2507 1905 quum

469 1929 760 2003 viderem,
789 1947 869 1986 ne
910 1926 1088 1987 vobis
1129 1928 1380 2003 quidem
1425 1927 1709 1985 omnibus
1736 1947 1803 1986 re
1832 1927 2020 1986 etiam
2059 1932 2192 1985 tum
2220 1925 2506 2004 probata,

471 2024 523 2081 si
565 2023 756 2098 illum,
784 2028 857 2081 ut
899 2029 1033 2082 erat
1080 2025 1354 2100 merituS,
1401 2029 1599 2082 morte
1646 2022 2026 2099 multassem,
2074 2023 2203 2081 fore
2250 2028 2323 2080 ut
2366 2022 2505 2101 ejus

470 2120 667 2178 socios
713 2118 944 2179 invidia
988 2137 1320 2196 oppressus
1384 2120 1673 2197 persequi
1718 2140 1844 2179 non
1890 2139 2157 2198 possem,
2203 2138 2332 2179 rem
2379 2104 2531 2179 huc·

468 2216 717 2290 deduxi,
736 2221 811 2273 ut
828 2221 958 2273 tum
986 2214 1189 2293 palam
1210 2235 1487 2294 pugnare
1507 2218 1796 2294 possetis,
1819 2237 2004 2294 quum
2025 2216 2266 2276 hostem
2286 2222 2522 2295 aperte-

380 2325 445 2371 20
469 2312 777 2372 videretis.

589 2406 787 2480 Quem
830 2408 1075 2486 quidem
1119 2429 1239 2488 ego
1265 2410 1526 2486 hostem,
1557 2408 1851 2486 QuiriteS,
1882 2431 2063 2488 quam
2103 2411 2509 2471 vehementer

468 2506 615 2564 foris
659 2526 794 2565 esse
838 2506 1173 2566 timendum
1226 2514 1461 2585 putem,
1508 2508 1658 2567 licet
1704 2508 1847 2567 hinc
1894 2508 2284 2586 intelligatis,
2334 2508 2508 2585 quod

468 2603 654 2664 etiam
681 2603 941 2663 moleste
969 2605 1120 2681 fero,
1149 2605 1315 2682 quod
1355 2626 1435 2665 ex
1463 2606 1615 2665 urbe
1656 2625 1872 2683 parum
1900 2606 2225 2665 comitatus
2265 2606 2503 2666 exierit.

468 2700 721 2760 Utinam
770 2701 875 2761 ille
935 2723 1143 2761 omnes
1188 2723 1397 2762 secum
1443 2703 1651 2779 copias
1713 2723 1857 2761 suas
1915 2704 2264 2764 eduxisset!
2347 2702 2508 2761 Ton-

381 2808 442 2854 25
469 2798 683 2876 gilium
727 2799 876 2857 mihi
919 2799 1155 2874 eduxit,
1206 2819 1391 2876 quem
1440 2819 1644 2858 amare
1692 2800 1756 2857 in
1819 2805 2144 2876 praetexta
2193 2806 2507 2878 coeperat,

467 2894 814 2954 Publicium
843 2903 909 2954 et
937 2896 1296 2971 Munatium,
1319 2916 1574 2973 quorum
1606 2916 1710 2955 aes
1740 2896 2006 2955 alienum
2035 2901 2410 2955 contractum
2439 2897 2507 2954 in

467 2992 696 3068 popina
723 2990 952 3049 nullum
981 2992 1067 3050 rei
1097 2991 1377 3068 publicae
1418 2999 1649 3051 motum
1680 2993 1892 3051 afferre
1920 2995 2211 3069 poterat:
2253 2992 2508 3070 reliquit

469 3106 623 3164 quos
651 3087 850 3148 viros!
894 3094 1123 3165 quanto
1168 3109 1309 3148 aere
1352 3089 1572 3165 alienO,
1601 3110 1786 3167 quam
1832 3089 2131 3165 valentes,
2177 3110 2360 3167 quam
2399 3110 2511 3149 no-

468 3183 624 3243 biles
650 3185 664 3243 ἱ

320 3331 321 3334 ,
381 3291 445 3338 30
589 3279 702 3340 ΠΙ.
747 3280 966 3357 Itaque
995 3302 1115 3361 ego
1143 3282 1316 3341 illum
1344 3284 1679 3344 exercitum
1706 3304 1854 3362 prae
1882 3282 2218 3343 Gallicanis
2247 3284 2510 3361 legioni·

468 3376 583 3435 bus
629 3384 694 3435 et
736 3376 854 3436 hoc
897 3378 1162 3456 delectu,
1206 3400 1389 3456 quem
1432 3381 1496 3438 in
1544 3401 1694 3459 agro
1736 3380 1970 3441 Piceno
2030 3387 2096 3439 et
2140 3378 2382 3439 Gallico
2425 3378 2501 3453 Q.

470 3473 760 3533 Metellus
785 3475 1022 3552 habuit,
1052 3483 1118 3537 et
1157 3477 1256 3536 his
1296 3478 1503 3555 copiiS,
1534 3497 1691 3555 quae
1735 3498 1771 3535 a
1811 3477 1991 3537 nobis
2034 3478 2309 3554 quotidie
2349 3497 2510 3536 com-

468 3576 780 3647 parantur,
807 3592 1035 3649 magno
1062 3593 1248 3651 opere
1277 3581 1626 3649 contemnO,
1657 3573 1980 3633 collectum
2022 3594 2100 3633 ex
2128 3574 2376 3632 senibus
2405 3575 2511 3633 de-

470 3669 753 3744 speratiS,
782 3688 859 3727 ex
886 3670 1118 3747 agresti
1145 3668 1407 3745 luxuria,
1436 3691 1514 3729 ex
1541 3671 1789 3729 rusticis
1830 3670 2274 3747 decoctoribuS,
2302 3690 2380 3730 ex
2407 3671 2510 3748 iis,

383 3772 445 3818 35
473 3763 579 3838 qui
607 3764 953 3823 vadimonia
993 3765 1274 3825 deserere
1302 3786 1488 3843 quam
1528 3765 1699 3824 illum
1743 3767 2081 3826 exercitum
2121 3766 2507 3828 maluerunt:

471 3858 691 3934 quibus
712 3879 832 3935 ego
858 3881 982 3919 non
1008 3862 1192 3920 modo
1214 3862 1269 3919 si
1295 3863 1484 3921 aciem
1515 3859 1817 3921 exercitus
1837 3863 2055 3938 nostri,
2074 3882 2287 3922 verum
2313 3864 2509 3924 etiam
