2725 4299
908 266 1038 315 PRO
1083 266 1146 315 M.
1184 265 1537 315 MARCELLO
1583 266 1840 316 ORATIO.
2365 270 2440 330 89

282 428 541 489 terdum
568 429 756 489 etiam
798 428 1019 488 otiosis
1060 429 1474 506 minabantur,
1502 450 1620 490 nec
1647 430 1799 508 quid
1825 430 2086 508 quisque
2123 431 2347 491 sensis·

284 530 408 601 set,
433 526 546 585 sed
572 525 679 584 ubi
706 525 946 600 fuisset,
969 525 1370 603 cogitandum
1398 547 1536 586 esse
1566 526 1893 603 dicebant3
1935 534 2008 585 ut
2035 527 2188 585 mihi
2216 528 2347 605 qui-

284 622 434 681 dem
477 622 807 683 videantur
847 622 935 679 dii·
977 622 1378 698 immortaleS,
1426 623 1614 682 etiam
1659 623 1712 681 si
1757 618 1990 701 pbenas
2033 644 2069 682 a
2111 624 2342 702 populo

283 718 576 778 Romano
598 719 679 778 ob
706 718 959 803 aliquod
986 717 1278 777 delictum
1307 719 1760 796 expetiverunt,
1782 721 1890 798 qui
1913 719 2086 780 civile
2115 719 2342 780 bellum

284 822 536 875 tantum
565 823 631 876 et
656 821 788 873 tam
816 814 1169 873 luctuosum
1199 816 1649 892 excitaverunt,
1677 814 1779 875 vel
1818 815 2049 893 placati
2086 817 2213 895 jam
2239 818 2338 878 vel
2367 834 2396 879 ὅ

287 913 506 971 satiati
549 911 897 989 aliquand0‚
920 921 1168 971 'omnem
1218 931 1394 989 spem
1439 911 1660 971 salutis
1702 912 1782 970 ad
1809 911 2195 972 clementiam
2220 915 2342 974 vio-

285 1009 445 1069 toris
473 1015 542 1068 et
569 1007 942 1086 sapientiam
973 1007 1332 1068 contulisse.

414 1104 621 1178 Quare
669 1104 873 1183 gaude
916 1109 1028 1163 tuo
1075 1104 1201 1164 isto
1247 1111 1379 1164 tam
1423 1104 1754 1165 excellenti
1800 1105 1982 1181 bon0,
2028 1113 2095 1165 et
2138 1106 2340 1167 fruere

285 1221 485 1279 quum
511 1203 759 1261 fortuna
787 1206 854 1260 et
893 1200 1110 1279 gloria,
1141 1207 1276 1259 tum
1305 1202 1496 1261 etiam
1524 1209 1748 1260 natura
1775 1209 1842 1262 et
1870 1203 2142 1262 moribus
2172 1204 2336 1280 tuis;

286 1318 371 1358 ex
399 1319 523 1377 quo
543 1298 794 1376 quidem
821 1298 1124 1356 maximus
1153 1305 1249 1358 est
1277 1299 1515 1357 fructus
1541 1299 2022 1378 jucunditasque
2052 1300 2331 1378 sapienti.
2365 1315 2428 1363 10

287 1394 518 1455 Cetera
545 1415 731 1472 quum
774 1400 882 1452 tua
920 1394 1340 1471 recordabere,
1371 1396 1491 1454 etsi
1535 1414 1836 1473 persaepe
1864 1397 2100 1473 virtuti,
2127 1403 2336 1457 tamen

282 1492 650 1571 plerumque
689 1487 972 1549 felicitati
1015 1495 1162 1550 tuae
1206 1490 1619 1569 gratulabere.
1705 1491 1802 1552 De
1846 1493 2044 1570 nobis,
2074 1512 2229 1571 quos
2270 1494 2336 1552 in

283 1609 355 1649 re
394 1588 647 1667 publica
672 1593 881 1646 tecum
907 1585 1085 1646 simul
1131 1586 1335 1647 salvos
1366 1606 1501 1647 esse
1529 1587 1800 1665 voluisti,
1831 1589 2075 1667 quoties
2105 1590 2337 1668 cogita-

283 1686 404 1763 bis,
433 1685 624 1745 toties
654 1685 732 1743 de
775 1683 1062 1741 maximis
1104 1683 1233 1743 tuis
1275 1684 1609 1761 beneficiis,
1640 1686 1827 1745 toties
1869 1686 1947 1745 de
1988 1686 2335 1746 incredibili

284 1782 681 1858 liberalitate,
732 1780 924 1840 toties
975 1780 1055 1840 de
1108 1779 1408 1859 singulari
1464 1781 1772 1859 sapientia
1826 1788 1937 1840 tua
1991 1783 2333 1861 cogitabis3
2362 1798 2422 1844 16

284 1900 447 1960 quae
475 1900 599 1937 non
641 1878 827 1937 modo
857 1897 1095 1937 summa
1123 1878 1305 1955 bona,
1337 1879 1447 1939 sed
1479 1879 1769 1937 nimirum
1809 1878 2048 1937 audebo
2074 1879 2176 1939 vel
2203 1878 2335 1938 sola

285 1980 508 2039 dicere.
590 1978 826 2036 Tantus
855 1985 953 2037 est
998 1977 1162 2037 enim
1207 1978 1500 2057 splendor
1538 1978 1602 2035 in
1644 1976 1827 2036 laude
1856 1996 2019 2053 vera,
2049 1981 2228 2034 tanta
2267 1976 2333 2034 in

283 2076 713 2158 magnitudine
753 2076 944 2135 animi
988 2082 1054 2136 et
1098 2075 1336 2136 consilii
1387 2076 1682 2156 dignitaS,
1711 2080 1784 2133 ut
1828 2073 1980 2134 haec
2024 2095 2062 2133 a
2102 2074 2332 2135 virtute

285 2178 533 2251 donata,
562 2184 769 2236 cetera
803 2199 839 2236 a
867 2179 1110 2238 fortuna
1152 2180 1542 2239 commodata
1583 2200 1720 2240 esse
1747 2180 2091 2241 videantur.
2178 2177 2330 2239 Noli

171 2328 176 2332 .
283 2275 475 2352 igitur
502 2275 567 2332 in
586 2276 1027 2345 *conservandis
1068 2276 1249 2336 bonis
1275 2277 1424 2337 viris
1452 2278 1803 2357 defatigari,
1833 2298 1957 2337 non
1987 2278 2328 2356 cupiditate
2355 2284 2421 2333 20

280 2376 643 2454 praesertim
675 2375 880 2453 aliqua
922 2381 1033 2434 aut
1076 2376 1384 2455 pravitate
1429 2376 1640 2455 lapsiS,
1670 2375 1780 2435 sed
1820 2377 2108 2454 opinione
2148 2375 2330 2434 officii

282 2472 478 2532 stulta
520 2474 797 2549 fortasse,
839 2478 1006 2533 certe
1049 2493 1173 2532 non
1224 2473 1524 2551 improba,
1566 2480 1633 2534 et
1676 2475 1881 2552 specie
1927 2474 2194 2551 quadam
2237 2471 2328 2531 rei

278 2570 605 2649 publicae3
648 2590 775 2629 non
819 2571 986 2630 enim
1014 2575 1124 2628 tua
1169 2569 1296 2628 ulla
1325 2570 1507 2648 culpa
1551 2576 1667 2647 est,
1700 2572 1847 2629 site
1877 2570 2071 2647 aliqui
2111 2571 2328 2628 timue-

277 2674 444 2746 runt,
488 2672 825 2745 contraque
864 2687 1100 2725 summa
1119 2666 1275 2743 laus,
1297 2667 1462 2744 quod
1484 2667 1739 2725 minime
1768 2666 2113 2725 timendum
2134 2666 2326 2725 fuisse

276 2771 626 2824 senserunt.
2351 2768 2416 2817 2⁵

398 2861 546 2922 VII.
593 2861 776 2920 Nunc
805 2859 989 2920 venio
1018 2859 1098 2918 ad
1137 2860 1566 2939 gravissimam
1594 2859 1904 2937 querelam
1935 2864 2000 2919 et
2027 2858 2327 2918 atrocissi-

275 2976 443 3017 mam
492 2957 908 3037 suspicionem
956 2962 1148 3033 tuam,
1191 2977 1352 3035 quae
1402 2977 1524 3016 non
1573 2957 1688 3015 tibi
1730 2956 1853 3035 ipsi
1900 2956 2100 3035 magis
2141 2976 2325 3034 quam

277 3076 466 3133 quum
495 3053 779 3114 omnibus
808 3054 1066 3128 civibuS‚
1098 3059 1231 3112 tum
1258 3055 1520 3113 maxime
1561 3053 1759 3130 nobis,
1790 3054 1898 3131 qui
1927 3075 1964 3113 a
1991 3060 2058 3114 te
2088 3074 2325 3114 conser-

274 3153 410 3213 vati
439 3170 671 3225 sumuS‚
700 3151 1080 3228 providenda
1111 3156 1245 3210 est:
1291 3171 1478 3228 quam
1520 3150 1642 3209 etsi
1688 3170 1868 3229 spero
1909 3171 2046 3211 esse
2087 3151 2321 3228 falsam,

276 3268 592 3326 nunquam
621 3253 829 3306 tamen
852 3247 1218 3306 extenuabo,
1303 3247 1437 3306 Tua
1459 3247 1627 3307 enim
1649 3248 1852 3315 cautio
1879 3254 2091 3307 nostra
2116 3248 2322 3307 cautio
2349 3253 2413 3300 30

277 3354 414 3422 est3
459 3351 553 3421 ut,
583 3345 635 3402 si
673 3345 738 3402 in
772 3345 1070 3403 alterutro
1113 3344 1490 3420 peccandum
1535 3345 1638 3421 sit,
1666 3344 1875 3403 malim
1902 3345 2099 3405 videri
2140 3344 2322 3403 nimis

276 3443 534 3500 timidus
562 3461 747 3518 quam
788 3461 1007 3518 parum
1050 3439 1340 3518 prudens.
1427 3439 1551 3500 Sed
1578 3443 1859 3519 quisnam
1900 3448 1997 3501 est
2033 3441 2153 3498 iste
2194 3445 2322 3497 tam

277 3540 533 3598 demens
554 3539 584 3597 ’Β
664 3538 760 3597 De
804 3538 1010 3597 tuisne
1033 3539 1063 3597 ⁶?
1104 3538 1357 3597 tametsi
1403 3538 1511 3615 qui
1560 3543 1765 3617 magis
1815 3544 1959 3596 sunt
2007 3536 2098 3594 tui
2139 3554 2322 3611 quam

277 3636 504 3714 quibus
530 3641 603 3692 tu
625 3634 886 3695 salutem
915 3635 1372 3713 insperantibus
1401 3636 1775 3696 reddidisti?
1815 3654 1894 3692 an
1917 3653 1996 3691 ex
2016 3651 2091 3690 eo
2117 3650 2324 3690 nume-

273 3752 346 3790 ro
373 3733 481 3809 qui
528 3751 652 3790 una
696 3737 898 3790 tecum
931 3732 1178 3790 fuerunt
1201 3734 1231 3791 P
1313 3731 1458 3792 Non
1502 3738 1601 3791 est
1645 3727 1955 3792 credibilis
2000 3733 2211 3786 tantus
2254 3727 2320 3785 in
2346 3735 2409 3782 35

277 3827 409 3888 ullo
452 3828 638 3905 furor,
665 3833 756 3904 ut,
786 3847 909 3907 quo
954 3827 1111 3888 duce
1157 3829 1362 3888 omnia
1407 3847 1642 3886 summa
1684 3828 1769 3885 sit
1810 3825 2093 3902 adeptus,
2136 3824 2320 3902 hujus
