2725 4299
402 285 519 344 126
949 280 1021 330 m
1065 279 1419 329 ANTONIUM
1467 278 1715 328 ORATIO
1758 277 1979 327 PRIMA.

433 853 461 896 5

403 1333 462 1380 10

400 1815 459 1861 15

396 2296 461 2340 20

396 2791 457 2835 25

395 3272 457 3316 :30

395 3764 455 3810 85

503 449 664 519 sunt,
706 462 889 521 quam
937 463 975 501 a
1014 443 1158 503 vivo
1207 442 1501 502 beneficia
1540 461 1654 519 per
1703 461 1914 500 omnes
1958 459 2155 499 annos
2201 438 2428 499 tributa
2465 445 2525 500 et

502 541 664 599 data.

623 634 745 695 Sed
774 655 849 694 ea
876 655 999 693 non
1030 642 1219 711 mut0,
1240 655 1367 693 non
1397 654 1647 710 move03
1690 653 1926 692 summo
1954 633 2164 692 studio
2190 631 2350 690 illius
2374 651 2528 710 prae·

503 732 666 792 clara
712 738 852 791 acta
894 731 1181 792 defendo,
1267 730 1543 790 Pecunia
1591 732 1824 789 utinam
1882 730 1963 789 ad
2019 729 2182 807 Opis
2238 731 2528 790 maneret!

503 835 756 889 cruenta
782 828 892 888 illa
918 828 1192 906 quidem,
1221 827 1334 886 sed
1373 826 1475 886 his
1516 828 1915 905 temporibuS,
1944 827 2243 905 quoniam
2285 825 2379 901 iis,
2406 845 2533 903 quo-

504 947 636 985 rum
684 933 801 1003 est,
840 944 965 985 non
1006 925 1300 1000 redditur,
1342 925 1724 985 necessaria:
1769 944 2148 1003 quamquam
2193 943 2271 982 ea
2311 942 2532 1000 quoque

504 1025 585 1082 sit
612 1025 825 1100 effusa,
854 1023 908 1082 si
935 1023 1025 1081 ita
1052 1023 1118 1080 in
1146 1021 1303 1080 actis
1332 1021 1468 1082 fuit.
1555 1021 1794 1101 Ecquid
1822 1028 1921 1081 est
1949 1021 2117 1099 quod
2146 1025 2282 1078 tam
2309 1019 2533 1097 proprie

503 1121 627 1180 dici
653 1119 858 1199 possit
884 1125 1090 1178 actum
1119 1118 1275 1197 ejuS,
1304 1118 1415 1195 qui
1443 1123 1700 1196 togatus
1729 1119 1794 1175 in
1812 1138 1879 1178 re
1905 1117 2158 1194 publica
2189 1136 2330 1175 cum
2355 1121 2534 1193 potes-

502 1224 636 1276 tate
689 1217 1066 1294 imperioque
1119 1222 1403 1276 versatus
1459 1215 1561 1290 sit,
1619 1235 1801 1292 quam
1856 1213 1960 1274 lex
1980 1216 2010 1275 Ρ
2110 1212 2364 1287 Quaere
2416 1217 2533 1269 acta

503 1312 788 1388 Gracchi,
842 1312 1018 1391 leges
1074 1310 1472 1389 Semproniae
1527 1312 1950 1389 proferentur:
2022 1330 2258 1388 quaere
2330 1306 2532 1382 Sullae,

503 1408 834 1468 Corneliae.
918 1406 1084 1481 Quid
1102 1411 1131 1469 P
1213 1409 1497 1486 Pompeii
1540 1409 1766 1467 tertius
1810 1406 2172 1467 consulatus
2224 1407 2292 1464 in
2334 1403 2532 1482 quibus

502 1504 655 1565 actis
698 1505 982 1564 constitit
1003 1506 1033 1565 ‘t’
1115 1505 1362 1583 Nempe
1409 1506 1474 1563 in
1518 1505 1784 1584 legibus,
1869 1503 1966 1563 De
2013 1502 2289 1563 Caesare
2333 1502 2462 1579 ipso
2486 1500 2531 1558 si

502 1621 841 1680 quaerereS,
870 1601 1162 1679 quidnam
1191 1603 1431 1680 egisset
1457 1603 1521 1660 in
1548 1603 1701 1662 urbe
1731 1607 1797 1661 ct
1824 1602 1890 1658 in
1916 1606 2089 1678 toga,
2121 1599 2304 1678 leges
2331 1596 2530 1655 multas

500 1699 901 1776 responderet
929 1719 996 1758 se
1026 1706 1092 1758 et
1119 1699 1467 1776 praeclaras
1496 1699 1757 1775 tulisse3
1800 1697 2216 1776 chirographa
2258 1715 2401 1757 vero
2438 1699 2532 1752 aut

503 1801 770 1855 mutaret
795 1802 904 1854 aut
929 1816 1054 1854 non
1076 1796 1252 1855 daret
1280 1803 1409 1871 aut,
1433 1797 1484 1854 si
1514 1796 1810 1872 dedisset,
1839 1815 1963 1853 non
1991 1795 2150 1853 istas
2180 1813 2284 1854 res
2310 1794 2373 1849 in
2399 1789 2530 1849 actis

502 1893 631 1951 suis
652 1893 921 1954 duceret.
1007 1892 1130 1953 Sed
1170 1892 1325 1953 haec
1366 1894 1501 1970 ipsa
1528 1894 1821 1969 conced0‚
1848 1892 2224 1969 quibusdam
2255 1890 2437 1950 etiam
2472 1887 2525 1943 in

502 1989 684 2048 rebus
713 1990 1008 2050 coniveo:
1053 1990 1117 2048 in
1160 1990 1448 2048 maximis
1487 2010 1636 2050 vero
1665 1991 1867 2066 rebuS,
1894 1988 1959 2048 id
1988 1995 2086 2048 est
2112 1987 2384 2067 legibuS,
2411 1989 2526 2043 acta

502 2084 784 2145 Caesaris
813 2086 1066 2146 dissolvi
1093 2087 1414 2146 ferendum
1440 2107 1566 2145 non
1592 2093 1766 2165 puto,

620 2180 798 2242 Vm.
844 2181 1019 2255 Quae
1048 2183 1150 2242 lex
1179 2183 1414 2260 melior,
1445 2184 1667 2260 utilior,
1697 2184 1932 2262 optima
1973 2183 2166 2242 etiam
2210 2203 2280 2242 re
2307 2178 2525 2259 publica
2632 2239 2636 2242 ,

502 2277 748 2356 saepius
775 2278 1075 2357 flagitata,
1104 2301 1288 2357 quam
1314 2301 1395 2340 ne
1423 2281 1768 2358 praetoriae
1794 2280 2147 2358 provinciae
2191 2280 2335 2358 plus
2362 2293 2522 2354 quam

500 2394 726 2431 annum
754 2395 911 2434 neve
939 2374 1079 2452 plus
1109 2395 1294 2453 quam
1323 2377 1639 2436 biennium
1682 2376 2036 2437 consulares
2065 2370 2525 2437 obtinerentur?

500 2468 635 2529 Hac
660 2468 802 2549 lege
830 2471 1076 2531 sublata
1102 2473 1470 2533 videnturne
1498 2474 1674 2533 vobis
1714 2494 1900 2551 posse
1943 2472 2230 2534 Caesaris
2262 2479 2398 2532 acta
2423 2486 2521 2527 ser-

500 2567 674 2627 vari?
755 2566 922 2640 Quid
939 2570 969 2630 ?
1009 2568 1169 2648 lege,
1198 2590 1357 2647 quae
1399 2570 1793 2649 promulgata
1822 2575 1921 2630 est
1961 2570 2050 2629 de
2080 2569 2274 2629 tertia
2302 2562 2522 2627 decuria

499 2685 703 2724 nonne
731 2685 943 2725 omnes
982 2666 1340 2745 judiciariae
1383 2666 1556 2744 leges
1600 2666 1881 2727 Caesaris
1908 2666 2379 2726 dissolvuntur?
2450 2658 2521 2717 Εἰ

498 2782 610 2822 vos
651 2769 789 2822 acta
831 2761 1108 2822 Caesaris
1151 2764 1511 2839 defenditiS‚
1539 2764 1645 2841 qui
1684 2763 1861 2842 leges
1887 2763 2024 2842 ejus
2051 2762 2381 2823 evertitis?
2416 2753 2521 2816 nisi

498 2859 678 2934 forte,
708 2860 760 2917 si
790 2860 941 2936 quid
968 2862 1298 2921 memoriae
1327 2880 1512 2919 causa
1539 2860 1786 2920 rettulit
1813 2861 1878 2919 in
1904 2857 2202 2936 libellum,
2233 2860 2303 2918 id
2341 2872 2518 2915 nume-

498 2954 732 3012 rabitur
772 2955 837 3012 in
882 2956 1035 3014 actis
1078 2962 1161 3031 et,
1192 2957 1475 3035 quamvis
1515 2957 1795 3035 iniquum
1838 2963 1905 3017 et
1941 2956 2163 3016 inutile
2206 2956 2310 3032 sit,
2339 2953 2519 3013 defen·

499 3048 697 3124 detur,
715 3050 880 3126 quod
908 3052 988 3109 ad
1013 3052 1307 3130 populum
1338 3053 1697 3113 centuriatis
1727 3053 1991 3112 comitiis
2021 3052 2186 3128 tulit,
2208 3053 2273 3110 id
2293 3053 2355 3110 in
2382 3045 2516 3109 actis

500 3144 778 3204 Caesaris
826 3166 952 3205 non
995 3147 1339 3211 habebitur.
1426 3148 1520 3207 At
1559 3170 1719 3227 quae
1748 3154 1849 3209 est
1876 3150 1999 3207 ista
2028 3150 2217 3208 tertia
2245 3143 2518 3208 decuria?

501 3240 1056 3318 “Centurionum‚”
1087 3245 1306 3322 inquit.
1392 3244 1561 3318 Quid
1583 3248 1613 3306 ’Β
1654 3246 1761 3304 isti
1801 3246 2003 3306 ordini
2042 3246 2359 3325 judicatus
2395 3243 2516 3318 lege

498 3338 682 3415 Julia,
711 3339 898 3397 etiam
945 3347 1088 3400 ante
1130 3341 1450 3420 Pompeia,
1478 3341 1735 3401 Aurelia
1775 3363 1902 3402 non
1930 3342 2191 3420 patebat
2210 3344 2240 3402 Ῥ
2325 3343 2361 3372 “
2384 3339 2513 3399 Cen-

501 3455 605 3494 sus
632 3436 1163 3514 praefiniebatur,”
1193 3438 1410 3515 inquit.
1496 3439 1560 3498 N
1562 3459 1641 3497 on
1671 3438 2020 3498 centurioni
2050 3438 2302 3515 quidem
2324 3435 2513 3505 solum,

499 3533 610 3593 sed
638 3533 831 3610 equiti
860 3534 1047 3593 etiam
1076 3532 1393 3595 Romano:
1438 3535 1649 3612 itaque
1676 3536 1795 3595 viri
1835 3535 2153 3594 fortissimi
2181 3541 2369 3613 atque
2394 3534 2516 3591 hon·

497 3629 806 3706 estissimi,
834 3630 946 3708 qui
987 3629 1233 3689 ordines
1274 3630 1604 3707 duxerunt,
1631 3651 1731 3690 res
1769 3637 1836 3691 et
1876 3631 2158 3710 judicant
2202 3637 2271 3690 et
2308 3629 2513 3710 judica·

496 3731 732 3786 verunt.
820 3727 857 3757 “
876 3724 1023 3785 Non
1070 3745 1299 3803 quaero
1316 3725 1355 3756 ’'
1411 3727 1613 3804 inquit
1660 3728 1698 3758 “
1715 3728 1904 3788 istos:
1969 3727 2341 3805 quicumque
2383 3720 2516 3786 ordi-

498 3838 637 3876 nem
667 3820 866 3893 duxit‚
893 3819 1186 3898 judicet.”
1270 3819 1364 3878 At
1391 3823 1445 3880 si
1473 3822 1735 3897 ferretiS,
1765 3823 2136 3901 quicumque
2165 3844 2327 3902 equo
2346 3839 2513 3883 meru·

2661 729 2664 814 1
