2725 4299
682 288 756 338 m
800 288 1166 339 camma
1211 290 1458 341 offirmo
1502 292 1787 350 QUARTA.
2173 260 2180 269 ’
2230 295 2309 355 41

153 450 442 529 alteram,
472 451 686 512 nescio
716 472 796 510 an
825 449 1086 530 amplius
1126 454 1278 512 mihi
1306 454 1550 533 negotii
1591 453 2001 516 contrahatur.
2088 454 2211 516 Sed

155 554 369 608 tamen
413 567 697 608 meorum
736 547 1142 627 periculorum
1186 551 1462 610 rationes
1508 550 1748 610 utilitas
1793 551 1883 611 rei
1926 550 2210 630 publicae

154 645 384 705 vincat.
470 644 791 705 Habemus
833 647 997 705 enim
1028 665 1065 703 a
1107 643 1390 722 Caesare,
1421 648 1580 707 sicut
1606 647 1803 724 ipsius
1844 648 2115 726 dignitas
2142 653 2211 707 et

154 742 468 821 majorum
514 742 652 821 ejus
680 742 1026 820 amplitudo
1070 742 1447 820 postulabat,
1479 743 1849 803 sententiam
1895 751 2208 821 tamquam

156 837 443 897 obsidem
488 845 828 916 perpetuae
874 840 938 897 in
973 860 1102 899 rem
1146 839 1456 917 publicam
1485 839 1844 901 voluntatiS.
1930 840 2210 901 Intelleo-
2234 860 2264 905 5

154 940 294 994 tum
340 942 461 1011 est,
489 936 636 1012 quid
663 937 994 996 interesset
1034 936 1200 996 inter
1240 936 1562 996 levitatem
1612 937 2103 996 contionatorum
2143 942 2209 997 et

158 1032 433 1089 animum
462 1052 607 1091 vere
634 1032 1014 1110 popularem,
1044 1032 1230 1092 saluti
1257 1033 1475 1112 populi
1503 1032 1940 1093 consulentem.

287 1127 496 1188 Video
540 1130 618 1188 de
660 1130 818 1206 istis,
847 1130 955 1208 qui
999 1150 1066 1189 se
1112 1130 1442 1209 populares
1484 1129 1701 1189 haberi
1728 1134 1964 1206 volunt,
1992 1129 2210 1190 abesse

156 1244 283 1284 non
327 1226 661 1302 neminem,
694 1245 775 1285 ne
822 1226 902 1286 de
941 1228 1144 1305 capite
1190 1228 1483 1287 videlicet
1531 1227 1751 1286 civium
1796 1226 2208 1286 Romanorum

158 1324 543 1383 sententiam
584 1324 758 1385 ferat.
842 1324 905 1383 Is
938 1331 1006 1384 et
1032 1325 1257 1385 nudius
1300 1326 1526 1385 tertius
1556 1326 1621 1383 in
1651 1326 1994 1385 custodiam
2038 1326 2205 1388 cives
2234 1341 2294 1387 10

158 1421 478 1480 Romanos
507 1420 682 1480 dedit
722 1429 789 1480 et
816 1421 1334 1499 supplicationem
1377 1423 1530 1481 mihi
1559 1423 1833 1483 decrevit
1876 1429 1943 1483 et
1969 1423 2204 1484 indices

159 1519 455 1580 hesterno
501 1519 605 1579 die
653 1519 937 1578 maximis
977 1520 1265 1598 praemiis
1312 1520 1532 1580 affecit.
1635 1519 1776 1579 Jam
1820 1520 1937 1579 hoc
1975 1521 2207 1580 nemini

160 1616 421 1675 dubium
464 1622 579 1692 est,
608 1617 715 1693 qui
759 1636 865 1675 reo
911 1617 1275 1693 custodiam,
1319 1617 1658 1694 quaesitori
1703 1616 2206 1695 gratulationem,

159 1714 348 1772 indici
373 1714 718 1792 praemium
748 1714 1033 1790 decrerit,
1056 1715 1204 1792 quid
1233 1715 1311 1774 de
1339 1721 1477 1774 tota
1505 1735 1570 1773 re
1600 1721 1666 1773 et
1693 1734 1876 1773 causa
1896 1714 2203 1793 judicarit.

159 1813 254 1871 At
301 1834 451 1874 vero
495 1812 562 1874 O.
595 1813 821 1873 Caesar
864 1812 1180 1891 intelligit,
1221 1812 1428 1891 legem
1472 1812 1898 1890 Semproniam
1945 1830 2080 1871 esse
2126 1811 2204 1871 de
2234 1823 2294 1869 15

160 1911 403 1971 civibus
443 1911 739 1971 Romanis
787 1911 1220 1989 constitutam3
1263 1913 1374 1990 qui
1415 1917 1625 1971 autem
1668 1911 1759 1970 rei
1796 1909 2079 1989 publicae
2124 1909 2207 1969 sit

159 2008 381 2085 hostiS,
410 2029 553 2068 eum
596 2009 796 2069 civem
842 2009 1014 2068 nullo
1041 2010 1225 2069 modo
1274 2029 1412 2069 esse
1440 2029 1657 2088 posse3
1701 2008 1970 2087 denique
2002 2008 2206 2087 ipsum

160 2105 421 2168 latorem
450 2107 848 2188 Semproniae
868 2107 1028 2187 legis
1056 2108 1295 2188 injussu
1314 2108 1533 2187 populi
1555 2127 1786 2187 poenas
1812 2106 1902 2168 rei
1920 2106 2203 2186 publicae

162 2206 550 2285 dependisse.
637 2206 813 2266 Idem
856 2207 1059 2285 ipsum
1106 2206 1462 2284 Lentulum,
1495 2207 1854 2286 largitorem
1897 2214 1964 2267 et
2002 2206 2204 2285 prodi·

160 2325 332 2383 gum,
369 2324 495 2365 non
541 2311 743 2384 putat,
772 2326 962 2384 quum
1010 2307 1089 2366 de
1138 2306 1407 2384 pernicie
1436 2307 1654 2385 populi
1702 2307 1984 2383 Romani,
2007 2306 2200 2366 exitio
2227 2311 2294 2360 20

157 2403 348 2483 hujus
395 2404 566 2464 urbis
611 2411 741 2464 tam
795 2405 1031 2482 acerbe,
1085 2412 1217 2464 tam
1271 2405 1600 2466 crudeliter
1647 2405 1957 2485 cogitarit,
2012 2403 2203 2464 etiam

160 2500 466 2580 appellari
491 2522 676 2581 posse
703 2502 1080 2581 popularem.
1164 2503 1388 2581 Itaque
1414 2503 1597 2563 homo
1623 2502 1985 2561 mitissimus
2012 2507 2203 2577 atque

156 2598 514 2659 lenissimus
533 2620 657 2659 non
684 2599 929 2659 dubitat
957 2599 1026 2661 P.
1050 2600 1388 2660 Lentulum
1408 2600 1678 2660 aeternis
1703 2598 1977 2659 tenebris
1997 2597 2203 2657 vincu-

156 2694 361 2774 lisque
405 2697 713 2773 mandare,
741 2703 808 2757 et
853 2697 1050 2757 sancit
1078 2698 1143 2756 in
1188 2704 1527 2775 posterum,
1557 2716 1636 2755 ne
1664 2696 1805 2773 quis
1850 2695 2036 2772 hujus
2065 2711 2202 2770 sup-

156 2793 348 2871 plicio
391 2794 657 2854 levando
702 2813 768 2854 se
811 2794 1042 2873 jactare
1086 2801 1153 2854 et
1195 2794 1259 2852 in
1303 2793 1639 2872 perniciem
1679 2791 1895 2870 populi
1939 2787 2201 2848 Romani
2227 2797 2292 2845 25

155 2890 418 2968 posthac
440 2890 753 2969 popularis
773 2910 910 2951 esse
937 2891 1167 2969 possit:
1198 2890 1489 2970 adjungit
1515 2889 1705 2949 etiam
1726 2886 2201 2968 publicationem

156 2987 481 3065 bonorum,
504 2994 576 3045 ut
603 3008 815 3048 omnes
835 2988 1027 3047 animi
1049 2988 1353 3048 cruciatus
1372 2993 1439 3047 et
1458 2987 1727 3066 corporis
1744 2987 1934 3048 etiam
1950 2991 2201 3066 egestas

155 3104 228 3144 ac
253 3084 626 3144 mendicitas
651 3091 1072 3163 consequatur.

276 3180 390 3240 VI.
440 3179 643 3254 Quam
690 3182 772 3241 ob
813 3202 943 3241 rem
986 3182 1116 3243 sive
1143 3182 1262 3242 hoc
1312 3182 1676 3258 statueritiS,
1705 3181 2001 3242 dederitis
2046 3181 2199 3240 mihi

157 3278 451 3338 comitem
479 3279 559 3336 ad
597 3277 948 3339 contionem
975 3279 1206 3358 populo
1234 3300 1444 3339 carum
1471 3286 1659 3357 atque
1685 3279 2039 3358 jucundum,
2068 3279 2199 3339 sive
2225 3285 2292 3333 30

157 3373 352 3434 Silani
413 3375 786 3434 sententiam
842 3376 1017 3454 sequi
1061 3375 1425 3452 malueritiS,
1474 3376 1655 3436 facile
1708 3396 1807 3437 me
1851 3383 2039 3455 atque
2087 3394 2201 3436 vos

156 3470 545 3531 crudelitatis
571 3471 1029 3549 vituperatione
1049 3473 1319 3551 populus
1347 3473 1666 3532 Romanus
1693 3472 1992 3545 exsolvet,
2012 3478 2200 3548 atque

157 3568 455 3627 obtinebo
505 3588 641 3627 eam
688 3569 884 3628 multo
924 3568 1220 3629 leniorem
1264 3569 1471 3629 fuisse.
1558 3567 1964 3647 Quamquam,
1990 3572 2200 3643 patres

157 3664 511 3742 conscripti,
541 3685 700 3742 quae
746 3672 957 3743 potest
1012 3685 1149 3726 esse
1205 3666 1271 3724 in
1315 3665 1477 3724 tanti
1522 3665 1770 3726 sceleris
1814 3660 2199 3721 immanitate

157 3761 474 3838 punienda
529 3762 904 3823 crudelitas?
1012 3762 1152 3841 Ego
1208 3762 1375 3822 enim
1429 3762 1506 3821 de
1548 3781 1686 3821 meo
1742 3779 1926 3818 sensu
1968 3756 2195 3836 judico.
2225 3765 2288 3812 3⁵

158 3856 324 3917 Nam
372 3859 464 3917 ita
492 3858 644 3916 mihi
687 3858 855 3919 salva
887 3880 953 3919 re
1001 3859 1248 3938 publica
1274 3858 1591 3919 vobiscum
1617 3855 1848 3934 perfrui
1891 3854 2097 3930 liceat,
2127 3861 2200 3912 ut
