2725 4299
752 257 842 307 DE
885 257 1160 307 IMPERIO
1207 257 1306 307 GN.
1354 254 1631 306 POMPEII
1675 258 1933 308 ORATIO.
2337 262 2414 324 67

256 421 415 479 haec
442 422 648 478 omnia
669 419 858 481 salvis
884 420 1101 499 populi
1128 419 1393 480 Romani
1420 420 1602 480 sociis
1631 426 1817 498 atque
1842 420 2106 500 integris
2127 422 2314 482 vecti-

258 517 514 595 galibus
539 536 674 577 esse
701 522 903 594 gesta.
990 516 1153 576 Satis
1173 517 1393 595 opinor
1417 516 1570 577 haec
1592 536 1729 577 esse
1755 517 1973 595 laudiS,
1995 524 2184 596 atque
2201 519 2311 596 ita,

259 613 564 690 Quirites,
591 620 664 672 ut
704 614 822 672 hoc
856 633 969 674 vos
1012 613 1400 692 intelligatis,
1428 634 1466 672 a
1508 612 1675 673 nullo
1720 614 1995 691 istorum,
2022 616 2130 694 qui
2168 615 2312 675 huic

258 711 618 770 obtrectant
655 709 791 786 legi
819 715 1005 787 atque
1034 729 1273 787 causae,
1302 710 1373 771 L.
1403 709 1727 770 Lucullum
1767 710 2048 771 similiter
2072 732 2152 771 ex
2190 711 2310 771 hoc

259 808 401 868 loco
431 828 570 868 esse
597 806 934 867 laudatum.
2334 820 2363 865 5

385 904 506 965 IX.
546 904 920 981 Requiretur
961 905 1225 963 fortasse
1269 923 1453 979 nunc,
1482 924 1663 982 quem
1706 904 1787 963 ad
1826 904 2096 981 modum,
2122 923 2308 981 quum

258 1001 418 1061 haec
441 1002 534 1059 ita
560 1001 703 1077 sint,
730 1000 1034 1078 reliquum
1074 1000 1274 1078 possit
1315 1019 1603 1077 magnum
1646 1019 1785 1060 esse
1826 999 2070 1060 bellum.
2153 1000 2310 1078 Cog-

258 1082 524 1174 noscite,
552 1095 867 1173 Quirites3
907 1117 1031 1157 non
1072 1098 1234 1157 enim
1274 1096 1394 1155 hoc
1420 1097 1555 1156 sine
1595 1116 1780 1156 causa
1805 1097 2017 1174 quaeri
2042 1097 2304 1157 videtur.

259 1193 541 1252 Primum
568 1215 647 1255 ex
675 1214 788 1254 suo
808 1214 1002 1272 regno
1029 1193 1117 1253 sic
1142 1193 1537 1252 Mithridates
1564 1193 1863 1272 profugit,
1884 1199 1955 1251 ut
1982 1212 2062 1252 ex
2089 1194 2308 1253 eodem

259 1289 472 1350 Ponto
499 1290 720 1350 Medea
763 1289 871 1348 illa
904 1290 1213 1368 quondam
1257 1290 1609 1368 profugisse
1650 1291 1889 1367 dicitur,
1918 1310 2096 1368 quam
2136 1310 2306 1368 prae·
2334 1302 2396 1350 10

260 1387 475 1447 dicant
501 1388 561 1444 in
594 1388 748 1465 fuga
772 1387 979 1446 fratris
1007 1388 1105 1446 sui
1140 1387 1413 1447 membra
1441 1388 1507 1444 in
1534 1388 1612 1447 iis
1639 1387 1808 1464 lociS,
1836 1408 1959 1466 qua
1987 1407 2055 1446 se
2082 1407 2306 1465 parens

257 1491 755 1562 persequeretur,
777 1485 1187 1562 dissipavisse,
1212 1491 1281 1543 ut
1306 1504 1517 1544 eorum
1545 1484 1829 1545 coHectio
1847 1486 2123 1563 dispersa
2151 1504 2308 1544 mae·

258 1601 483 1659 rorque
537 1582 775 1659 patrius
830 1580 1208 1641 celeritatem
1261 1583 1670 1660 persequendi
1721 1583 2078 1642 retardaret.
2203 1580 2306 1641 Sic

259 1677 658 1737 Mithridates
702 1678 946 1756 fugiens
986 1678 1317 1736 maximam
1345 1678 1468 1738 vim
1510 1679 1642 1736 auri
1682 1685 1868 1756 atque
1897 1678 2141 1756 argenti
2175 1676 2306 1755 pul-

260 1774 816 1851 cherrimarumque
837 1794 1037 1834 rerum
1065 1775 1359 1850 omnium,
1382 1794 1535 1851 quas
1557 1780 1625 1833 et
1645 1794 1682 1832 a
1701 1775 2032 1854 majoribus
2053 1793 2304 1851 accepe-
2332 1784 2391 1831 15

261 1878 359 1930 rat
403 1877 471 1932 et
512 1872 647 1950 ipse
688 1871 853 1930 bello
881 1872 1195 1949 superiore
1239 1891 1319 1931 ex
1351 1876 1488 1930 tota
1514 1868 1671 1929 Asia
1699 1871 1976 1947 direptas
2016 1870 2084 1928 in
2125 1890 2304 1929 suum

216 2039 220 2043 .
259 1988 522 2046 regnum
551 1975 969 2045 congesserat,
995 1969 1061 2026 in
1102 1967 1306 2027 Ponto
1336 1987 1579 2027 omnem
1611 1965 1872 2044 reliquit.
1956 1965 2132 2025 Haec
2159 1966 2304 2025 dum

259 2065 458 2123 nostri
500 2064 806 2141 colligunt
833 2065 1036 2123 omnia
1062 2064 1445 2142 diligentius,
1472 2084 1583 2124 rex
1622 2064 1758 2142 ipse
1786 2083 1823 2124 e
1848 2063 2134 2123 manibus
2161 2064 2305 2123 effu-

259 2162 373 2240 git.
458 2161 559 2220 Ita
600 2161 774 2220 iHum
816 2162 882 2220 in
923 2163 1333 2240 persequendi
1375 2163 1583 2221 studio
1626 2182 1881 2238 maeror,
1908 2162 2022 2222 hos
2061 2161 2303 2222 laetitia

259 2259 544 2319 tardavit.
630 2258 814 2317 Hunc
843 2259 906 2316 in
945 2257 1051 2317 illo
1078 2259 1300 2319 timore
1328 2265 1395 2318 et
1413 2247 1569 2337 'fuga
1606 2259 1924 2338 TigraneS,
1952 2280 2063 2319 rex
2089 2257 2302 2319 Arme·
2326 2270 2392 2317 20

258 2356 418 2432 niuS,
447 2356 698 2433 excepit
724 2355 1229 2433 diffidentemque
1256 2355 1441 2416 rebus
1470 2357 1595 2415 suis
1623 2355 2002 2416 confirmavit
2030 2362 2096 2414 et
2122 2355 2303 2415 affiic-

256 2459 389 2511 tum
409 2441 613 2512 erexit
632 2452 1061 2529 perditumque
1081 2453 1396 2513 recreavit.
1481 2452 1673 2532 Cujus
1695 2454 1760 2511 in
1779 2472 2042 2531 regnum
2060 2458 2302 2531 postea·

258 2569 442 2626 quam
484 2548 556 2609 L.
587 2548 879 2607 Lucullus
908 2568 1046 2607 cum
1075 2549 1350 2608 exercitu
1378 2550 1570 2626 venit,
1598 2550 1805 2628 plures
1847 2550 2037 2609 etiam
2078 2555 2300 2625 gentes

257 2653 474 2705 contra
518 2646 945 2722 imperatorem
989 2652 1265 2704 nostrum
1309 2647 1651 2706 concitatae
1692 2651 1854 2705 sunt.
1938 2645 2095 2703 Erat
2136 2646 2299 2703 enim

256 2748 461 2800 metus
505 2742 774 2822 injectus
815 2742 892 2801 iis
934 2742 1303 2818 nationibuS,
1331 2761 1487 2819 quas
1533 2761 1843 2819 nunquam
1882 2739 2147 2819 populus
2183 2740 2301 2800 Ro-
2324 2753 2387 2800 25

258 2858 473 2897 manus
519 2857 720 2915 neque
762 2837 1151 2898 lacessendas
1198 2838 1364 2899 bello
1411 2859 1612 2917 neque
1658 2838 1986 2898 tentandas
2033 2838 2296 2915 putavit.

258 2936 412 2995 Erat
439 2936 632 2995 etiam
660 2934 779 2994 alia
811 2936 1017 3014 gravis
1046 2943 1234 3013 atque
1262 2936 1593 2997 vehemens
1620 2937 1851 3015 opini0,
1880 2955 2037 3015 quae
2065 2936 2299 2995 animos

256 3033 539 3111 gentium
581 3032 972 3092 barbararum
1016 3039 1394 3111 pervaserat,
1435 3034 1564 3092 fani
1607 3032 2071 3112 locupletissimi
2109 3040 2176 3093 et
2211 3053 2300 3092 re·

255 3129 643 3209 ligiosissimi
671 3128 997 3208 diripiendi
1026 3151 1211 3190 causa
1249 3131 1314 3188 in
1342 3150 1450 3189 eas
1478 3150 1617 3190 oras
1655 3137 1933 3190 nostrum
1960 3150 2098 3190 esse
2131 3150 2299 3191 exer-

202 3254 207 3258 ·
257 3228 445 3286 citum
475 3227 825 3287 adductum.
912 3227 1014 3285 Ita
1041 3228 1328 3287 nationes
1371 3227 1601 3288 multae
1628 3236 1814 3306 atque
1840 3248 2105 3306 magnae
2132 3248 2296 3289 novo
2323 3238 2387 3285 30

258 3324 525 3401 quodam
553 3330 779 3383 terrore
810 3344 883 3383 ac
922 3310 1096 3383 metu
1123 3324 1606 3385 concitabantur.
1691 3325 1924 3385 Noster
1961 3331 2170 3385 autem
2197 3345 2299 3383 ex-

258 3422 488 3480 ercitus
516 3421 770 3479 tametsi
797 3421 1011 3480 urbem
1040 3441 1120 3480 ex
1145 3421 1429 3499 Tigranis
1455 3442 1648 3501 regno
1674 3430 1923 3501 ceperat
1950 3429 2015 3481 et
2045 3419 2297 3498 proeliis

258 3537 401 3575 usus
431 3521 568 3575 erat
610 3518 912 3593 secundiS,
939 3523 1147 3577 tamen
1187 3518 1382 3576 nimia
1423 3517 1874 3598 longinquitate
1913 3518 2185 3576 locorum
2213 3509 2295 3571 'ac

260 3613 567 3690 desiderio
596 3634 846 3673 suorum
873 3614 1385 3673 commovebatur.

375 3708 497 3768 Hic
528 3711 653 3788 jam
680 3711 857 3788 plura
885 3730 1009 3769 non
1036 3712 1231 3769 dicam
1256 3732 1273 3788 3
1314 3712 1435 3770 fuit
1462 3713 1625 3771 enim
1653 3710 1808 3769 illud
1834 3713 2194 3779 extremum,
2222 3710 2295 3763 ut
2319 3716 2384 3763 35

264 3824 339 3863 ex
362 3806 441 3863 iis
468 3806 616 3865 locis
644 3827 681 3865 a
709 3806 1007 3865 militibus
1047 3809 1277 3867 nostris
1303 3809 1543 3868 reditus
1575 3806 1771 3882 magis
1810 3807 2085 3859 maturus
2112 3819 2316 3877 quam.
