2725 4299
805 254 881 304 IN
924 254 1295 304 CATILINAM
1338 255 1583 307 ORATIO
1628 257 1916 316 QUARTA.
2357 262 2440 326 47

268 415 507 496 Neque
534 416 664 477 ulla
691 419 970 497 profecto
1009 423 1187 477 tanta
1213 418 1310 479 vis
1365 418 1728 497 reperietur,
1757 440 1915 498 quae
1958 420 2336 500 conjunctio-

269 535 422 574 nem
450 521 726 576 vestram
754 514 1156 593 equitumque
1196 514 1617 574 Romanorum
1645 524 1712 577 et
1741 522 1983 577 tantam
2024 518 2331 596 conspira-
2443 555 2452 561 -

270 612 521 671 tionem
548 612 849 672 bonorum
876 612 1148 670 omnium
1189 612 1576 690 confringere
1606 618 1673 671 et
1710 611 2084 677 labefactare
2111 613 2326 691 possit.

403 708 519 769 XI.
565 706 743 782 Quae
772 727 963 786 quum
990 706 1081 765 ita
1111 708 1254 784 sint,
1282 728 1396 785 pro
1433 708 1711 786 imperio,
1739 729 1852 787 pro
1893 709 2189 786 exercitu,
2219 730 2331 788 pro

271 805 620 882 provincia,
669 823 855 882 quam
898 802 1170 881 neglexi,
1217 823 1327 881 pro
1373 803 1684 881 triumpho
1731 806 2077 883 ceterisque
2122 805 2330 865 laudis
2357 818 2385 865 5

272 901 651 979 insignibuS‚
681 921 840 978 quae
869 906 1015 958 sunt
1043 920 1080 957 a
1108 919 1207 958 me
1234 906 1486 978 propter
1512 901 1680 960 urbis
1709 906 2072 980 vestraeque
2108 902 2329 961 salutis

272 999 627 1057 custodiam
669 997 1010 1074 repudiata,
1053 1016 1166 1073 pro
1208 996 1513 1056 clientelis
1569 997 1981 1076 hospitiisque
2029 999 2328 1076 provinci-

272 1094 502 1170 alibuS,
531 1114 692 1172 quae
722 1101 929 1152 tamen
958 1091 1210 1151 urbanis
1238 1093 1462 1170 opibus
1495 1113 1617 1152 non
1648 1094 1884 1155 minore
1912 1094 2122 1154 labore
2150 1101 2328 1155 tueor

272 1212 469 1269 quam
497 1210 802 1267 comparo,
830 1209 942 1267 pro
969 1189 1067 1247 his
1093 1188 1288 1267 igitur
1315 1189 1600 1249 omnibus
1629 1191 1812 1250 rebus
1841 1198 1907 1252 et
1944 1211 2055 1270 pro
2082 1192 2235 1251 meis
2261 1190 2326 1250 in

272 1308 393 1348 vos
443 1287 858 1365 singularibus
906 1285 1130 1344 studiis
1169 1294 1234 1345 et
1281 1306 1397 1365 pro
1444 1286 1579 1363 hac,
1608 1307 1794 1365 quam
1840 1288 2209 1367 perspicitis,
2247 1289 2325 1347 ad
2353 1300 2417 1349 10

273 1384 761 1445 conservandam
806 1394 938 1442 rem
986 1381 1297 1460 publicam
1342 1383 1674 1462 diligentia
1722 1384 1878 1443 nihil
1914 1406 1951 1444 a
1980 1385 2156 1446 vobis
2203 1384 2326 1444 nisi

271 1481 464 1560 hujus
484 1479 781 1559 temporis
797 1480 1115 1557 totiusque
1144 1478 1266 1539 mei
1287 1479 1638 1540 consulatus
1664 1482 2022 1541 memoriam
2041 1480 2321 1561 postulo:

274 1598 440 1658 quae
468 1579 616 1637 dum
643 1579 764 1637 erit
800 1579 864 1636 in
892 1581 1117 1638 vestr1s
1144 1578 1267 1637 fixa
1307 1579 1638 1655 mentibuS,
1667 1579 1982 1638 tutissimo
2009 1598 2108 1638 me
2148 1598 2324 1638 muro

273 1683 561 1754 saeptum
601 1695 741 1758 esse
781 1675 1137 1735 arbitrabor.
1223 1673 1408 1748 Quod
1436 1676 1489 1734 si
1528 1696 1728 1735 meam
1770 1695 1943 1754 spem
1971 1675 2066 1734 vis
2106 1675 2325 1754 impro-

271 1774 495 1833 borum
523 1772 816 1833 fefellerit
844 1778 1033 1851 atque
1076 1773 1478 1849 superaverit,
1511 1774 1869 1832 commendo
1897 1772 2077 1831 vobis
2116 1792 2323 1831 meum
2351 1785 2411 1832 15

270 1890 536 1949 parvum
579 1870 792 1945 filium,
822 1869 922 1927 cui
969 1869 1250 1947 profecto
1278 1869 1431 1927 satis
1476 1869 1594 1928 erit
1636 1867 1942 1953 praesidii,
1957 1887 2082 1926 non
2124 1867 2323 1926 solum

271 1968 358 2026 ad
400 1952 687 2043 salutem,
714 1987 930 2026 verum
974 1965 1164 2024 etiam
1192 1965 1270 2024 ad
1317 1965 1708 2044 dignitatem,
1740 1963 1794 2022 si
1838 1963 1991 2042 ejus,
2021 1964 2128 2041 qui
2170 1963 2322 2024 haec

270 2065 482 2124 omnia
528 2084 640 2123 suo
686 2063 876 2123 solius
902 2062 1179 2141 periculo
1220 2062 1699 2138 conservaverit,
1727 2060 1901 2119 illum
1948 2060 2140 2119 filium
2185 2081 2321 2122 esse

270 2162 697 2223 memineritis

397 2244 796 2341 Quapropter
817 2262 897 2322 de
939 2282 1177 2321 summa
1205 2260 1404 2321 salute
1431 2269 1638 2321 vestra
1664 2262 2001 2341 populique
2038 2260 2319 2337 Romani,
2345 2270 2412 2316 20

270 2361 356 2421 de
382 2360 605 2420 vestris
649 2359 1020 2439 conjugibus
1065 2379 1138 2418 ac
1181 2358 1413 2436 liberis,
1442 2359 1521 2419 de
1568 2360 1689 2418 aris
1725 2380 1796 2418 ac
1840 2359 2011 2436 fociS,
2040 2359 2117 2418 de
2158 2358 2319 2417 fanis

271 2478 348 2517 ac
374 2456 646 2535 templis,
675 2457 752 2516 de
779 2457 978 2515 totius
1008 2456 1178 2515 urbis
1220 2456 1407 2516 tectis
1438 2477 1509 2516 ac
1538 2456 1808 2533 sedibus,
1840 2456 1918 2515 de
1958 2456 2217 2533 imperio
2246 2475 2319 2515 ac

268 2554 584 2630 libertate,
614 2554 692 2612 de
719 2552 920 2613 salute
949 2552 1192 2629 Italiae,
1221 2553 1299 2613 de
1327 2553 1613 2613 universa
1638 2574 1704 2613 re
1732 2552 1981 2632 publica
2008 2551 2319 2611 decernite

268 2652 626 2730 diligenter,
675 2657 747 2708 ut
789 2649 1168 2726 instituistis,
1216 2670 1289 2709 ac
1334 2650 1593 2711 fortiter.
1679 2649 1946 2708 Habetis
1994 2667 2136 2707 eum
2183 2666 2321 2706 con-

270 2747 489 2824 sulem,
519 2746 629 2825 qui
658 2753 725 2806 et
749 2766 964 2825 parere
993 2746 1218 2807 vestris
1246 2746 1512 2807 decretis
1537 2766 1663 2806 non
1690 2745 1937 2805 dubitet
1964 2749 2031 2803 et
2056 2763 2131 2803 ea
2158 2762 2316 2821 quae
2343 2752 2405 2799 25

268 2845 642 2920 statueritis,
672 2844 877 2921 quoad
919 2843 1110 2918 vivet,
1140 2842 1475 2904 defendere
1520 2850 1588 2903 et
1630 2864 1742 2921 per
1785 2862 1853 2902 se
1902 2841 2104 2920 ipsum
2147 2859 2317 2918 prae-

268 2947 439 3001 stare
466 2941 685 3019 possit.
