2725 4299
393 287 471 345 12
939 283 1012 331 IN
1056 281 1426 331 CATILINAM
1470 282 1714 332 ORATIO
1758 282 1984 332 PRIMA.

496 445 935 525 conjurationis
981 444 1339 522 insidiisque
1391 464 1719 521 versamur,
1767 443 1881 503 sed
1926 445 2139 504 nescio
2183 464 2306 522 quo
2349 455 2542 526 pacto

496 542 767 602 omnium
796 540 1091 601 scelerum
1117 560 1190 600 ac
1211 541 1436 601 veteris
1464 541 1685 599 furoris
1708 545 1775 599 et
1800 540 2094 601 audaciae
2123 543 2441 603 maturitas
2468 545 2540 604 in

494 639 690 698 nostri
731 637 1086 698 consulatus
1130 644 1375 715 tempus
1418 638 1640 714 erupit.
1728 636 1912 710 Quod
1955 639 2009 697 si
2038 658 2119 698 ex
2144 644 2323 700 tanto
2349 640 2541 701 latro-

496 735 657 794 cinio
673 734 793 794 iste
810 753 969 793 unus
985 732 1257 809 tolletur,
1273 732 1618 793 videbimur
1631 732 1895 792 fortasse
1917 733 1998 792 ad
2016 733 2202 795 breve
2224 737 2535 813 quoddam

440 845 469 890 5
495 837 743 909 tempus
790 851 931 889 cura
974 841 1041 889 et
1080 828 1251 889 metu
1298 849 1437 889 esse
1464 830 1740 905 relevati,
1770 829 2108 908 periculum
2153 839 2362 892 autem
2388 835 2538 894 resi-

495 928 670 988 debit
697 933 764 987 et
790 928 906 986 erit
945 925 1246 986 inclusum
1273 926 1523 1003 penitus
1562 926 1628 983 in
1655 927 1830 986 venis
1873 932 2060 1004 atque
2088 929 2154 986 in
2194 929 2534 990 visceribus

494 1026 586 1085 rei
611 1023 910 1102 publicae.
994 1022 1089 1083 Ut
1129 1042 1314 1101 saepe
1355 1021 1636 1082 homines
1665 1023 1839 1101 aegri
1880 1024 2094 1084 morbo
2120 1026 2312 1104 gravi,
2340 1046 2534 1104 quum

494 1128 674 1182 aestu
698 1121 976 1198 febrique
1000 1121 1328 1199 jactantur,
1357 1119 1415 1177 si
1440 1138 1659 1196 aquam
1701 1118 1970 1198 gelidam
1996 1121 2304 1198 biberunt,
2330 1123 2533 1200 primo

492 1219 750 1280 relevari
793 1214 1098 1292 videntur,
1148 1216 1374 1276 deinde
1423 1215 1620 1276 multo
1676 1218 1927 1295 gravius
1983 1217 2531 1297 vehementiusque

409 1326 469 1374 10
494 1315 872 1390 afflictantur,
900 1315 989 1374 sic
1031 1312 1130 1372 hic
1171 1312 1441 1389 morbuS,
1471 1314 1578 1390 qui
1608 1321 1706 1374 est
1731 1315 1796 1372 in
1835 1334 1901 1374 re
1928 1313 2193 1392 publica,
2219 1314 2529 1376 relevatus

492 1413 674 1472 istius
698 1431 919 1489 poena,
944 1410 1375 1471 vehementius
1400 1411 1560 1471 vivis
1589 1409 1837 1488 reliquis
1863 1408 2268 1490 ingravescet.

612 1507 815 1581 Quare
843 1507 1136 1567 secedant
1174 1507 1456 1585 improbi,
1484 1514 1807 1568 secernant
1848 1527 1915 1568 se
1942 1529 1980 1567 a
2005 1507 2204 1584 bonis,
2230 1529 2419 1575 unum
2463 1509 2531 1566 in

490 1604 690 1664 locum
711 1610 1184 1684 congregentur,
1204 1625 1381 1664 muro
1407 1605 1693 1682 denique,
1715 1605 1782 1663 id
1821 1605 1988 1682 quod
2007 1625 2194 1683 saepe
2218 1606 2346 1685 jam
2374 1606 2529 1683 dixi,

492 1702 913 1762 discernantur
950 1722 988 1760 a
1027 1701 1240 1778 nobis;
1282 1701 1574 1761 desinant
1601 1701 1878 1760 insidiari
1905 1700 2074 1761 domi
2100 1722 2245 1762 suae
2274 1703 2529 1778 consuli,

407 1810 466 1858 15
494 1798 882 1859 circumstare
923 1797 1191 1857 tribunal
1217 1798 1518 1876 praetoris
1560 1798 1800 1874 urbani,
1828 1797 2112 1859 obsidere
2139 1818 2275 1858 cum
2302 1798 2529 1877 gladiis

492 1896 741 1973 curiam,
768 1894 1083 1955 malleolos
1129 1900 1196 1955 et
1243 1896 1409 1956 faces
1453 1895 1533 1954 ad
1577 1894 2072 1953 inflammandam
2115 1893 2330 1958 urbem
2372 1914 2531 1954 com·

490 2011 739 2071 parare:
783 1993 867 2051 sit
911 1991 1177 2068 denique
1219 1992 1585 2069 inscriptum
1627 1991 1694 2050 in
1740 1992 1941 2051 fronte
1984 1991 2167 2050 unius
2209 1991 2529 2070 cujusque,

492 2088 643 2166 quid
670 2087 749 2146 de
773 2107 838 2147 re
866 2087 1115 2166 publica
1142 2088 1389 2148 sentiat.
1476 2087 1783 2148 Polliceor
1798 2087 1975 2148 vobis
1996 2088 2131 2165 hoc,
2152 2095 2362 2167 patres
2391 2108 2531 2148 con-

491 2185 721 2261 scripti,
746 2189 986 2243 tantam
1012 2184 1077 2241 in
1116 2184 1296 2243 nobis
1324 2184 1678 2244 consulibus
1705 2185 1833 2244 fore
1861 2184 2263 2264 diligentiam,
2291 2191 2531 2244 tantam

405 2293 468 2341 20
491 2282 556 2339 in
581 2280 758 2340 vobis
799 2280 1244 2357 auctoritatem,
1271 2285 1512 2339 tantam
1551 2282 1619 2339 in
1659 2282 1969 2359 equitibus
2010 2280 2305 2341 Romanis
2344 2282 2535 2342 virtu-

491 2384 640 2452 tem,
668 2382 910 2435 tantam
949 2377 1016 2435 in
1055 2375 1338 2436 omnibus
1386 2377 1566 2438 bonis
1611 2377 2094 2455 consensionem,
2122 2385 2195 2436 ut
2224 2377 2529 2439 Catilinae

491 2474 866 2552 profectione
908 2473 1112 2533 omnia
1153 2474 1486 2552 patefacta,
1513 2473 1841 2551 illustrata,
1870 2493 2181 2553 oppressa,
2210 2474 2531 2536 vindicata

493 2590 628 2630 esse
655 2569 933 2631 videatis.

613 2665 805 2727 Hisce
831 2668 1152 2745 ominibuS,
1175 2667 1463 2745 Catilina,
1484 2688 1619 2727 cum
1641 2687 1879 2728 summa
1899 2668 1987 2727 rei
2006 2668 2287 2747 publicae
2309 2668 2532 2748 salute,

406 2777 468 2823 25
495 2785 632 2825 cum
657 2771 768 2823 tua
784 2773 965 2844 peste
983 2786 1056 2825 ac
1074 2766 1346 2843 pernicie
1367 2784 1624 2843 cumque
1644 2785 1853 2825 eorum
1874 2766 2087 2842 exitio,
2109 2766 2214 2843 qui
2235 2786 2303 2825 se
2323 2772 2531 2827 tecum

494 2863 658 2923 omni
685 2862 914 2922 scelere
953 2862 1397 2940 parricidioque
1435 2862 1791 2940 junxerunt,
1817 2862 2201 2940 proficiscere
2241 2862 2319 2921 ad
2360 2863 2534 2942 impi-

493 2978 594 3015 um
623 2957 851 3017 bellum
878 2977 950 3016 ac
975 2958 1288 3018 nefarium.
1374 2957 1533 3016 Tum
1572 2963 1663 3034 tu,
1691 2956 1734 3016 J
1733 2957 1996 3037 uppiter,
2025 2958 2130 3035 qui
2156 2958 2376 3018 iisdem
2404 2960 2533 3037 qui·

493 3054 611 3114 bus
656 3052 809 3113 haec
855 3053 1001 3113 urbs
1049 3055 1338 3131 auspiciis
1386 3076 1425 3113 a
1467 3054 1730 3115 Romulo
1778 3076 1847 3127 es
1902 3056 2297 3132 constitutuS,
2346 3075 2529 3133 quem

496 3149 803 3231 Statorem
826 3149 1012 3229 hujus
1051 3151 1221 3210 urbis
1263 3158 1449 3230 atque
1489 3153 1729 3230 imperii
1755 3172 1899 3214 vere
1940 3152 2342 3229 nominamus,
2369 3152 2535 3212 hunc

407 3257 471 3304 30
497 3252 565 3306 et
587 3246 771 3326 hujus
799 3248 997 3307 socios
1024 3269 1062 3307 a
1093 3248 1218 3307 tuis
1246 3248 1369 3308 aris
1396 3250 1740 3327 ceterisque
1782 3248 2047 3327 tempIiS,
2075 3269 2113 3307 a
2138 3249 2325 3308 tectis
2364 3249 2534 3309 urbis

496 3363 568 3402 ac
594 3343 933 3419 moenibuS,
962 3364 1000 3402 a
1027 3345 1158 3405 vita
1185 3346 1570 3423 fortunisque
1611 3347 1839 3406 civium
1866 3345 2121 3423 arcebiS,
2148 3351 2215 3404 et
2254 3345 2536 3406 homines

495 3439 794 3499 bonorum
821 3440 1121 3518 inimicOS,
1140 3441 1355 3501 hostes
1382 3442 1639 3520 patriae,
1661 3441 1934 3503 latrones
1962 3441 2205 3519 Italiae,
2234 3441 2537 3501 scelerum

496 3537 743 3597 foedere
786 3536 951 3595 inter
998 3557 1065 3597 se
1114 3557 1185 3596 ac
1227 3538 1461 3597 nefaria
1508 3538 1810 3599 societate
1854 3539 2235 3620 conjunctos,
2263 3538 2537 3600 aeternis

498 3629 813 3711 suppliciis
839 3633 1017 3695 vivos
1044 3639 1442 3712 mortuosque
1466 3633 1785 3697 mactabis·
