2725 4299
343 259 426 320 54
911 256 1043 305 PRO
1086 254 1345 305 AncmA
1389 238 1606 305 roma
1650 254 1909 305 ORATIO.

445 419 529 477 mi
548 417 970 478 remissionem
990 417 1489 478 humanissimam
1514 437 1586 475 ac
1607 417 2092 477 liberalissimam
2112 417 2493 497 judicaretis,

446 515 607 573 Nam
635 520 876 574 ceterae
903 534 1106 592 neque
1142 521 1486 593 temporum
1517 520 1663 573 sunt
1691 533 1887 592 neque
1916 520 2190 574 aetatum
2222 516 2495 574 omnium

445 630 647 688 neque
673 610 941 670 locorum
965 631 979 670 :
1024 619 1092 669 at
1131 611 1283 670 baec
1311 611 1517 669 studia
1545 610 2026 671 adolescentiam
2062 611 2261 688 alunt,
2290 632 2497 671 senec-

444 715 646 768 tutem
687 707 1022 783 oblectant,
1061 709 1359 767 secundas
1402 727 1501 768 res
1543 714 1785 784 ornant,
1815 708 2093 768 adversis
2138 710 2493 787 perfugium

390 821 422 866 5
447 824 518 864 ac
545 804 839 864 solacium
865 804 1167 882 praebent
1189 824 1206 880 ;
1249 803 1566 864 delectant
1587 804 1775 881 domi,
1796 825 1922 864 non
1952 805 2306 883 impediunt
2326 806 2495 882 foriS,

444 907 810 980 pernoctant
837 899 1171 976 nobiscum,
1200 903 1697 979 peregrinantur,
1727 903 2116 963 rusticantur.

565 997 743 1058 VIII.
787 995 972 1071 Quod
1014 998 1068 1056 si
1110 998 1233 1075 ipsi
1275 997 1428 1058 haec
1472 1017 1675 1076 neque
1720 1001 2033 1078 attingere
2073 1019 2282 1078 neque
2309 1020 2498 1060 sensu

445 1101 657 1155 nostro
683 1100 936 1173 gustare
964 1113 1307 1172 possemus,
1330 1100 1540 1155 tamen
1563 1116 1640 1156 ea
1658 1097 1870 1155 mirari
1897 1097 2282 1173 deberemus,
2306 1098 2499 1156 etiam

446 1212 633 1270 quum
659 1193 724 1249 in
751 1192 887 1250 aliis
914 1191 1281 1252 videremus,
1369 1189 1527 1265 Quis
1556 1200 1831 1253 nostrum
1860 1195 2062 1254 animo
2101 1200 2232 1253 tam
2262 1195 2500 1274 agresti

362 1303 423 1350 lo
446 1308 517 1347 ac
560 1289 712 1347 duro
752 1288 890 1363 fuit,
927 1294 999 1345 ut
1042 1287 1261 1348 Roscii
1303 1296 1503 1349 morte
1547 1310 1747 1369 nuper
1788 1311 1919 1351 non·
1957 1299 2447 1352 commoveretur
2468 1293 2501 1353 ?

446 1386 551 1463 qui
579 1405 763 1463 quum
793 1391 961 1444 esset
986 1404 1179 1445 senex
1220 1393 1522 1464 mortuuS,
1550 1394 1760 1448 tamen
1802 1394 2056 1468 propter
2082 1389 2498 1449 excellentem
2533 1378 2536 1381 Δ

445 1489 640 1542 artem
671 1502 742 1541 ac
769 1487 1159 1542 venustatem
1193 1485 1520 1544 videbatur
1545 1486 1790 1545 omnino
1830 1486 1986 1545 mori
2012 1506 2140 1545 non
2178 1471 2500 1546 debuisse.

446 1578 616 1657 Ergo
641 1578 748 1638 ille
776 1580 1047 1657 corporis
1095 1587 1267 1639 motu
1313 1587 1561 1642 tantum
1599 1603 1868 1643 amorem
1915 1582 2034 1642 sibi
2077 1583 2435 1642 conciliarat
2461 1605 2501 1642 a

445 1676 627 1735 nobis
654 1676 975 1752 omnibus3
1018 1696 1131 1735 nos
1175 1679 1521 1738 animorum
1561 1680 1949 1739 incredibiles
1988 1686 2193 1739 motus
2221 1680 2502 1740 celerita-

361 1787 421 1834 15
448 1782 699 1854 temque
726 1778 1107 1856 ingeniorum
1134 1778 1528 1857 negligemus
1548 1779 1579 1838 Ῥ
1658 1775 1921 1851 Quoties
1948 1798 2069 1856 ego
2097 1778 2262 1837 bunc
2280 1776 2506 1837 Archi-

449 1894 550 1933 am
590 1875 739 1952 vidi,
777 1875 1241 1955 judices—utar
1288 1875 1453 1935 enim
1498 1880 1707 1934 vestra
1748 1875 2160 1952 benignitate,
2203 1875 2501 1952 quoniam

450 1992 548 2032 me
575 1972 639 2031 in
677 1971 795 2031 hoc
823 1993 986 2032 novo
1026 1992 1256 2051 genere
1283 1971 1528 2032 dicendi
1567 1977 1696 2030 tam
1723 1971 2055 2049 diligenter
2081 1971 2499 2030 attenditis—

451 2068 693 2147 quoties
736 2088 857 2146 ego
900 2068 1061 2127 hunc
1106 2069 1259 2144 vidi,
1297 2089 1487 2147 quum
1530 2068 1800 2127 litteram
1848 2068 2197 2146 scripsisset
2239 2067 2502 2145 nullam,

446 2189 736 2248 magnum
782 2186 1099 2227 numerum
1141 2167 1519 2243 optimorum
1543 2185 1825 2226 versuum
1856 2167 1934 2226 de
1976 2166 2053 2225 iis
2095 2165 2249 2243 ipsis
2288 2166 2502 2242 rebuS,
2558 2235 2560 2238 v

359 2271 424 2319 20
449 2285 605 2344 quae
633 2271 767 2324 tum
796 2269 1146 2344 agerentur,
1168 2262 1373 2322 dicere
1403 2283 1483 2322 ex
1509 2270 1789 2340 tempore
1814 2263 1830 2323 l
1873 2262 2116 2340 quoties
2141 2268 2502 2322 revocatum

448 2362 707 2422 eandem
760 2382 889 2421 rem
938 2361 1141 2420 dicere
1194 2361 1588 2419 commutatis
1634 2360 1837 2420 verbis
1892 2365 2079 2437 atque
2128 2360 2500 2420 sententiis!

447 2459 624 2534 Quae
650 2480 796 2522 vero
836 2465 1120 2520 accurate
1163 2458 1561 2537 cogitateque
1590 2454 1957 2534 scripsisset,
1986 2476 2060 2515 ea
2086 2456 2176 2514 sic
2204 2456 2332 2516 vidi
2361 2476 2503 2533 pro·

447 2558 599 2634 bari,
626 2564 699 2616 ut
738 2558 817 2617 ad
845 2563 1122 2619 veterum
1165 2557 1531 2635 scriptorum
1574 2553 1818 2614 laudem
1864 2553 2223 2631 perveniret.
2308 2552 2500 2613 Hunc

448 2676 569 2735 ego
609 2676 735 2715 non
762 2655 1015 2734 diligam
1038 2656 1069 2716 ⁴?
1109 2674 1235 2714 non
1280 2653 1546 2712 admirer
1563 2652 1594 2711 Ῥ
1632 2670 1759 2710 non
1803 2651 1968 2710 omni
2007 2650 2247 2709 ratione
2289 2651 2500 2711 defen-

360 2757 422 2805 25
449 2753 717 2814 dendum
757 2758 967 2831 putem
989 2753 1020 2812 Ῥ
1099 2749 1313 2829 Atque
1353 2750 1441 2809 sic
1468 2768 1505 2806 a
1534 2747 1787 2806 summis
1830 2746 2181 2806 hominibus
2209 2747 2500 2807 eruditis·

447 2851 738 2927 simisque
779 2849 1138 2926 accepimus,
1168 2852 1510 2907 ceterarum
1553 2865 1755 2904 rerum
1791 2844 2000 2903 studia
2027 2850 2094 2903 et
2121 2844 2403 2902 doctrina
2431 2851 2497 2905 et

446 2947 796 3024 praeceptis
837 2952 899 3003 et
947 2956 1081 3002 arte
1122 2949 1443 3019 constare3
1486 2948 1738 3020 poetam
1778 2946 2000 3000 natura
2027 2940 2166 3019 ipsa
2191 2939 2401 3000 valere
2430 2948 2497 3001 et

446 3041 672 3101 mentis
699 3039 931 3099 viribus
973 3038 1229 3098 excitari
1260 3046 1326 3098 ct
1353 3041 1531 3116 quasi
1578 3039 1788 3099 divino
1833 3038 2099 3115 quodam
2145 3037 2368 3115 spiritu
2408 3038 2497 3096 in-

446 3137 597 3196 flari.
681 3134 885 3209 Quare
930 3155 1040 3194 suo
1082 3135 1219 3213 jure
1263 3142 1474 3196 noster
1514 3135 1620 3195 ille
1650 3134 1889 3194 Ennius
1930 3139 2180 3194 sanctos
2216 3133 2499 3211 appellat

359 3242 425 3288 80
449 3239 684 3312 postas,
712 3232 875 3309 quod
903 3232 1077 3310 quasi
1104 3232 1356 3292 deorum
1401 3232 1610 3310 aliquo
1638 3233 1803 3292 dono
1831 3238 2019 3310 atque
2058 3250 2308 3290 munere
2337 3250 2497 3290 com-

448 3329 724 3390 mendati
751 3328 931 3388 nobis
959 3348 1096 3389 esse
1123 3330 1467 3390 videantur.

572 3425 668 3486 Sit
720 3426 927 3504 igitur,
974 3426 1231 3504 judices,
1281 3432 1566 3486 sanctum
1622 3424 1788 3503 apud
1842 3444 1975 3500 VOS,
2024 3422 2495 3482 humanissimos

449 3523 747 3599 homineS,
767 3523 884 3583 hoc
903 3530 1126 3601 po'etae
1143 3544 1386 3599 nomen,
1409 3524 1576 3600 quod
1595 3521 1763 3580 nulla
1779 3540 2051 3598 unquam
2073 3519 2354 3578 barbaria
2370 3519 2496 3579 vio-

448 3620 616 3682 lavit.
703 3619 865 3680 Saxa
906 3626 972 3679 et
1016 3620 1377 3678 solitudines
1414 3619 1551 3678 voci
1595 3616 1990 3694 respondent,
2019 3616 2260 3675 bestiae
2304 3634 2496 3692 saepe

364 3726 426 3772 35
452 3719 746 3777 immanes
791 3721 977 3776 cantu
1021 3715 1350 3774 flectuntur
1393 3721 1582 3792 atque
1626 3714 2012 3773 consistunt:
2063 3732 2176 3771 nos
2219 3712 2497 3770 instituti

453 3815 633 3873 rebus
670 3813 919 3889 optimis
962 3831 1083 3870 non
1127 3816 1446 3888 poetarum
1476 3830 1627 3870 voce
1669 3828 2022 3868 moveamur
2040 3810 2071 3869 ⁴?
2151 3807 2495 3867 Homerum
