2725 4299
321 224 401 282 50
894 221 1022 270 rao
1067 221 1326 271 ARCHIA
1370 221 1588 272 PomA
1632 220 1888 271 omno.

422 391 631 460 notus,
659 383 919 445 Romam
945 386 1124 445 venit
1165 384 1362 445 Mario
1390 383 1640 444 consule
1668 391 1735 444 et
1776 383 2018 445 Catulo,
2102 383 2344 444 Nactus
2371 392 2485 445 est

421 482 690 560 primum
713 481 996 541 consules
1024 501 1152 558 eOS,
1175 501 1432 559 quorum
1461 481 1620 541 alter
1645 501 1745 542 res
1766 481 1844 540 ad
1867 481 2259 542 scribendum
2286 484 2484 542 maxi-

423 597 578 653 maS,
608 577 762 637 alter
789 598 977 656 quum
1004 598 1103 637 res
1131 583 1366 655 gestaS,
1396 584 1526 635 tum
1556 579 1745 637 etiam
1773 578 2043 636 studium
2071 587 2265 656 atque
2293 601 2481 640 aures

423 673 713 733 adhibere
741 680 969 752 posset.
1055 672 1283 732 Statim
1310 672 1573 749 Luculli,
1603 693 1793 751 quum
1821 679 2253 752 praetextatus
2283 677 2478 735 etiam

368 784 398 830 ὖ
425 777 559 828 tum
586 767 849 830 Archias
878 775 1062 845 esset,
1084 789 1225 830 eum
1252 770 1501 827 domum
1523 790 1698 828 suam
1718 776 2098 848 receperunt.
2187 770 2320 831 Sed
2343 773 2477 851 jam

421 866 538 927 hoc
579 887 704 925 non
750 865 946 925 solum
974 866 1214 944 ingenii
1256 885 1327 924 ac
1353 865 1712 942 litterarum,
1741 886 1953 925 verum
1980 867 2169 926 etiam
2210 875 2476 928 naturae

421 971 611 1041 atque
639 964 903 1039 virtutiS,
933 968 1005 1019 ut
1032 962 1269 1037 domus,
1297 981 1456 1039 quae
1483 962 1669 1041 hujus
1709 961 2159 1023 adolescentiae
2186 961 2479 1041 proxima

421 1061 559 1137 fuit,
601 1059 817 1119 eadem
860 1065 1024 1118 esset
1065 1057 1536 1117 familiarissima
1580 1060 1902 1120 senectuti.
1986 1059 2141 1118 Erat
2179 1063 2478 1139 tempori-

420 1157 537 1215 bus
564 1156 686 1214 illis
711 1155 1019 1235 jucundus
1048 1153 1120 1228 Q.
1154 1153 1409 1214 Metello
1435 1155 1524 1213 illi
1551 1155 1880 1216 Numidico
1901 1163 1968 1215 et
1995 1157 2131 1236 ejus
2158 1156 2277 1216 Pio
2304 1157 2472 1234 filiof3

336 1267 397 1313 10
422 1252 787 1312 audiebatur
828 1272 866 1310 a
908 1251 991 1311 M.
1023 1250 1311 1325 Aemilio,
1340 1251 1591 1312 vivebat
1630 1272 1768 1312 cum
1808 1251 1882 1326 Q.
1915 1252 2138 1313 Catulo
2179 1261 2246 1313 et
2286 1261 2473 1332 patre

421 1356 487 1409 et
514 1349 661 1425 filio,
689 1368 726 1406 a
751 1347 820 1407 L.
853 1347 1074 1408 Crasso
1102 1347 1457 1424 colebatur3
1498 1347 1791 1409 Lucullos
1816 1369 1965 1410 vero
1992 1355 2058 1409 et
2097 1350 2376 1410 Drusum
2401 1358 2473 1412 et
2537 1398 2550 1407 .

421 1444 712 1506 Octavios
760 1451 827 1504 et
870 1444 1172 1504 Catonem
1217 1452 1283 1504 et
1325 1450 1522 1504 totam
1565 1444 2037 1507 Hortensiorum
2079 1447 2334 1506 domum
2364 1447 2473 1507 de·

419 1543 688 1602 vinctam
737 1542 1181 1601 consuetudine
1236 1562 1426 1620 quum
1475 1547 1736 1618 teneret,
1787 1542 2164 1602 afficiebatur
2219 1563 2471 1604 summo

417 1639 669 1717 honore,
687 1639 855 1717 quod
881 1659 1023 1698 eum
1049 1659 1172 1698 non
1201 1639 1398 1698 solum
1427 1639 1734 1716 colebant,
1757 1640 1863 1718 qui
1890 1639 2127 1718 aliquid
2145 1643 2470 1720 percipere

332 1751 392 1799 15
418 1744 607 1816 atque
651 1736 862 1796 audire
911 1735 1263 1814 studebant,
1291 1757 1504 1797 verum
1551 1736 1743 1797 etiam
1783 1736 1838 1795 si
1878 1737 1987 1814 qui
2013 1738 2174 1797 forte
2215 1738 2472 1799 simula-

415 1839 583 1899 bant.

537 1934 649 1996 IV.
694 1934 949 1994 Interim
992 1934 1140 1995 satis
1179 1933 1370 2014 longo
1411 1931 1750 2008 intervallo,
1778 1952 1966 2010 quum
2008 1939 2176 1991 esset
2203 1953 2341 1992 cum
2370 1932 2458 1994 Μ.

414 2030 671 2091 Lucullo
699 2032 764 2089 in
793 2029 1063 2090 Siciliam
1105 2032 1421 2109 profectus
1449 2037 1516 2091 et
1542 2052 1731 2110 quum
1759 2055 1839 2095 ex
1866 2056 1941 2096 ea
1966 2035 2284 2114 provincia
2313 2052 2459 2092 cum

415 2133 634 2193 eodem
675 2130 935 2191 Lucullo
978 2132 1324 2212 decederet,
1370 2134 1543 2195 venit
1588 2132 1953 2195 Heracliam.
2038 2130 2214 2206 Quae
2263 2149 2459 2209 quum
2543 2200 2547 2204 .

324 2237 391 2286 20
414 2235 582 2289 esset
607 2228 823 2287 civitas
864 2230 1232 2311 aequissimo
1270 2233 1407 2312 jure
1451 2253 1524 2291 ac
1563 2232 1832 2308 foedere,
1862 2231 2082 2291 ascribi
2124 2250 2193 2289 se
2219 2229 2284 2286 in
2312 2248 2459 2287 eam

413 2325 730 2386 civitatem
749 2326 944 2385 voluit
966 2348 983 2402 3
1024 2328 1228 2406 idque,
1252 2349 1440 2407 quum
1468 2329 1606 2406 ipse
1626 2349 1740 2406 per
1768 2348 1834 2388 se
1862 2328 2087 2405 dignus
2108 2329 2477 2404 putaretur,

413 2428 549 2481 tum
574 2424 940 2484 auctoritate
981 2430 1047 2482 et
1086 2425 1290 2501 gratia
1329 2425 1575 2484 Luculli
1603 2425 1682 2483 ab
1723 2423 2225 2484 Heracliensibus
2267 2423 2457 2499 impe-

412 2520 620 2581 travit.
706 2522 870 2580 Data
912 2528 1010 2579 est
1053 2521 1274 2581 civitas
1320 2520 1553 2582 Silvani
1595 2520 1739 2599 lege
1784 2528 1851 2581 et
1878 2520 2208 2580 Carbonis:
2253 2519 2313 2575 si
2338 2518 2458 2594 qui

412 2617 769 2696 foederatis
809 2616 1169 2676 civitatibus
1213 2618 1480 2693 ascripti
1506 2617 1808 2695 fuissent,
1836 2617 1897 2675 si
1939 2624 2090 2691 tum,
2120 2634 2318 2692 quum
2358 2614 2456 2671 lem

324 2715 741 2793 auferebatur,
770 2717 843 2775 in
870 2713 1080 2776 Italia
1120 2714 1516 2775 domicilium
1543 2712 1901 2772 habuissent
1940 2721 1996 2771 et
2020 2713 2081 2771 si
2117 2711 2457 2788 seoeaqinta

414 2810 628 2871 diebus
649 2814 829 2888 apud
836 2821 1193 2891 praetorem
1221 2819 1413 2871 essent
1425 2810 1720 2887 professi.
1806 2808 2010 2883 Quum
2037 2808 2138 2868 hic
2158 2809 2454 2868 domicili-

413 2927 518 2964 um
560 2907 794 2967 Romae
834 2909 1064 2968 multos
1104 2908 1230 2985 jam
1257 2927 1449 2966 annos
1490 2906 1766 2983 haberet,
1795 2907 2107 2984 professus
2138 2911 2236 2965 est
2280 2907 2451 2984 apud

411 3008 755 3079 praetorem
776 3001 858 3076 Q.
890 3002 1229 3079 Metellum,
1258 3002 1799 3063 familiarissimum
1830 3022 2023 3062 suum.

534 3097 600 3158 Si
625 3098 774 3157 nihil
815 3101 983 3159 aliud
1009 3101 1130 3158 nisi
1171 3101 1248 3159 de
1277 3101 1533 3161 civitate
1561 3121 1630 3159 ac
1657 3100 1797 3178 lege
1826 3100 2101 3175 dicimus,
2129 3097 2280 3156 nihil
2312 3098 2453 3159 dico

322 3207 388 3254 30
415 3194 713 3272 amplius3
769 3215 953 3255 causa
997 3197 1161 3256 dicta
1211 3203 1324 3256 est.
1430 3195 1598 3270 Quid
1652 3197 1819 3257 enim
1869 3195 2088 3256 horum
2139 3194 2450 3272 infirmari,

413 3290 611 3368 Grati,
639 3298 847 3369 potest
868 3294 898 3353 P
976 3292 1378 3353 Heracliaene
1420 3313 1556 3353 esse
1596 3299 1669 3352 tu
1709 3314 1852 3352 eum
1892 3293 2222 3369 ascriptum
2261 3312 2452 3371 nega-

410 3389 508 3448 bis
525 3390 555 3449 ?
633 3386 840 3449 Adest
864 3390 960 3448 vir
985 3409 1221 3447 summa
1262 3392 1630 3450 auctoritate
1659 3395 1725 3449 et
1765 3389 2068 3468 religione
2097 3395 2164 3447 et
2189 3388 2331 3465 fide,
2360 3388 2444 3449 Μ.

410 3485 721 3563 LuculluS,
747 3486 854 3564 qui
883 3506 950 3545 se
976 3506 1100 3545 non
1128 3486 1367 3565 opinari
1396 3470 1505 3546 sed
1532 3488 1705 3562 scire,
1732 3505 1859 3545 non
1886 3486 2199 3546 audivisse
2227 3485 2339 3544 sed
2366 3485 2451 3545 vi-

409 3583 594 3660 disse,
621 3604 745 3643 non
785 3583 1136 3643 interfuisse
1165 3583 1275 3643 sed
1301 3584 1504 3663 egisse
1547 3583 1714 3643 dicit.
1799 3582 2053 3642 Adsunt
2092 3581 2449 3641 Heraclien-

320 3689 384 3738 35
413 3699 513 3739 ses
555 3680 769 3759 legati,
811 3679 1174 3739 nobilissimi
1214 3678 1517 3755 homineS,
1560 3679 1747 3759 hujus
1806 3679 2027 3759 judicii
2081 3697 2265 3738 causa
2309 3698 2448 3738 cum

407 3777 714 3835 mandatis
756 3784 823 3837 et
870 3797 1009 3835 cum
1057 3776 1302 3854 publico
1356 3777 1714 3837 testimonio
1756 3782 2078 3852 venerunt,
2122 3776 2230 3854 qui
2283 3776 2450 3835 hunc
