2725 4299
1011 958 1093 1019 M.
1136 956 1426 1018 TULLII
1466 954 1923 1018 CICERONIS

1434 1135 1502 1176 m

720 1229 2127 1410 ⁶M.ANTONIUM

602 1543 1051 1612 ORATIO
1124 1541 1845 1609 PHILIPPICA
1917 1541 2351 1611 PRIMA.

572 1883 620 1943 Ι.
662 1882 857 1943 ANTE:
885 1903 1069 1962 quam
1086 1884 1165 1943 de
1193 1903 1259 1943 re
1279 1881 1546 1961 publica,
1567 1888 1777 1960 patres
1798 1881 2149 1959 conscripti,
2175 1881 2382 1942 dicam
2402 1899 2486 1955 ea,

451 2001 608 2060 quae
634 1981 891 2041 dicenda
919 1981 1036 2040 hoc
1064 1987 1341 2059 tempore
1371 1979 1651 2055 arbitror,
1681 1997 1986 2057 exponam
2016 1978 2196 2039 vobis
2223 1978 2489 2040 breviter

451 2077 773 2137 consilium
800 2087 867 2136 et
906 2076 1302 2155 profectionis
1342 2084 1409 2135 et
1449 2076 1819 2136 reversionis
1859 2095 2051 2136 meae.
2136 2075 2286 2156 Ego
2313 2093 2487 2155 quum

450 2193 756 2251 sperarem
801 2174 1129 2250 aliquando
1157 2173 1240 2232 ad
1269 2179 1540 2233 vestrum
1569 2173 1889 2233 consilium
1934 2173 2487 2249 auctoritatemque

382 2287 410 2330 5
451 2291 575 2329 rem
618 2269 926 2347 publicam
968 2289 1106 2328 esse
1150 2277 1522 2346 revocatam,
1550 2271 1919 2330 manendum
1962 2271 2112 2330 mihi
2139 2271 2484 2332 statuebam

451 2367 626 2444 quasi
666 2366 730 2423 in
758 2365 977 2444 vigilia
1016 2365 1283 2443 quadam
1311 2367 1617 2427 consulari
1658 2387 1731 2426 ac
1772 2368 2098 2428 senatoria.
2183 2368 2249 2427 N
2250 2389 2326 2428 ec
2354 2385 2487 2428 vero

451 2483 708 2541 usquam
738 2461 1133 2523 discedebam
1178 2483 1291 2523 nec
1320 2485 1356 2522 a
1384 2484 1452 2524 re
1492 2463 1741 2542 publica
1777 2464 2148 2543 dejiciebam
2174 2464 2389 2525 oculos
2414 2483 2485 2522 ex

452 2581 528 2620 eo
575 2561 695 2638 die,
723 2580 845 2639 quo
890 2560 956 2619 in
1005 2560 1225 2621 aedem
1266 2560 1528 2620 Telluris
1579 2562 1900 2622 convocati
1941 2580 2167 2620 sumus.
2253 2561 2334 2620 In
2372 2577 2484 2638 quo

451 2659 705 2737 templo,
733 2664 1031 2736 quantum
1074 2658 1140 2716 in
1182 2677 1283 2717 me
1321 2658 1460 2734 fuit,
1488 2659 1610 2737 jeci
1655 2658 2055 2717 fundamenta
2097 2658 2271 2734 pacis
2304 2657 2482 2716 Athe-

353 2773 412 2817 10
452 2757 876 2833 niensiumque
924 2756 1216 2816 renovavi
1264 2761 1448 2815 vetus
1496 2754 1849 2833 exemplum
1865 2775 1883 2831 3
1941 2751 2246 2813 Graecum
2304 2754 2483 2815 etiam

450 2853 705 2912 verbum
747 2854 1060 2930 usurpavi,
1088 2872 1211 2930 quo
1254 2860 1389 2911 tum
1433 2852 1499 2910 in
1545 2852 1833 2912 sedandis
1871 2850 2191 2910 discordiis
2219 2871 2335 2910 usa
2361 2855 2484 2911 erat

452 2948 671 3007 civitas
697 2947 822 3023 issa,
851 2955 1040 3025 atque
1067 2969 1309 3009 omnem
1331 2949 1683 3008 memoriam
1704 2948 2148 3007 discordiarum
2177 2948 2484 3010 oblivione

452 3043 826 3120 sempiterna
853 3043 1175 3103 delendam
1204 3046 1428 3105 censui.

573 3138 893 3198 Praeclara
936 3147 1070 3199 tum
1113 3142 1310 3201 oratio
1349 3142 1432 3202 M.
1464 3140 1751 3217 Antonii,
1781 3140 2039 3220 egregia
2067 3140 2256 3200 etiam
2284 3141 2486 3203 volun·

351 3254 409 3300 15
451 3244 583 3314 tas3
623 3256 749 3314 pax
777 3237 1038 3315 denique
1066 3257 1180 3315 per
1207 3257 1348 3297 eum
1377 3244 1445 3298 et
1468 3258 1581 3317 per
1607 3238 1834 3298 liberos
1856 3238 1992 3316 ejus
2020 3256 2155 3295 cum
2176 3245 2484 3315 praestan·

451 3334 710 3394 tissimis
751 3334 986 3394 civibus
1028 3334 1383 3394 confirmata
1410 3341 1523 3395 est.
1610 3334 1823 3412 Atque
1863 3334 1958 3392 his
1999 3334 2321 3412 principiis
2362 3333 2485 3394 reli-

451 3453 573 3511 qua
627 3431 1111 3492 consentiebant.
1197 3428 1302 3489 Ad
1343 3432 1820 3492 deliberationes
1861 3451 1987 3506 eaS,
2030 3448 2184 3506 quas
2221 3431 2484 3492 habebat

452 3530 619 3588 domi
647 3529 725 3588 de
752 3548 818 3587 re
862 3527 1124 3605 publica,
1154 3528 1465 3606 principes
1495 3528 1768 3588 civitatis
1813 3527 2181 3604 adhibebat3
2225 3528 2306 3586 ad
2333 3528 2485 3586 hunc

453 3627 726 3685 ordinem
767 3644 865 3683 res
911 3624 1181 3697 optimas
1226 3624 1546 3683 deferebat
1562 3645 1579 3700 3
1622 3622 1779 3681 nihil
1824 3629 1977 3701 tum,
2006 3624 2125 3683 nisi
2166 3625 2336 3701 quod
2364 3627 2485 3682 erat

348 3738 413 3785 20
451 3728 671 3780 notum
698 3720 999 3795 omnibus,
1030 3720 1095 3777 in
1123 3718 1188 3779 C.
1221 3719 1503 3779 Caesaris
1546 3721 1995 3779 commentariis
2037 3720 2483 3798 reperiebatur3

452 3834 689 3874 summa
731 3815 1080 3874 constantia
1123 3814 1202 3872 ad
1244 3833 1338 3890 ea,
1387 3835 1545 3892 quae
1595 3817 1875 3890 quaesita
1930 3822 2126 3893 erant,
2167 3816 2485 3895 responde·
