2725 4299
316 231 398 290 44
838 227 913 278 m
957 224 1324 277 CATILINAM
1369 216 1614 274 ORATIO
1659 223 1943 282 QUARTA.
1988 278 1994 285 ,

421 409 578 469 quos
619 410 700 450 ex
742 390 1074 449 multorum
1120 407 1419 448 annorum
1457 386 1838 447 dissensione
1885 387 2073 467 hujus
2098 388 2339 448 ordinis
2384 393 2468 453 ad

422 487 781 548 societatem
823 484 1329 562 concordiamque
1366 490 1686 544 revocatos
1722 483 2056 544 hodiernus
2089 485 2228 546 dies
2266 487 2468 547 vobis·

422 604 559 646 cum
586 590 771 661 atque
799 582 952 642 haec
979 601 1165 641 causa
1193 580 1537 660 conjungit.
1624 577 1825 652 Quam
1853 580 1908 639 si
1936 581 2463 664 conjunctionem,

420 681 839 743 confirmatam
882 679 947 737 in
993 676 1316 738 consulatu
1359 695 1518 752 mec,
1561 682 1930 754 perpetuam
1974 676 2040 736 in
2083 699 2153 739 re
2208 680 2463 758 publica

367 797 398 843 5
421 776 820 852 tenuerimuS,
848 776 1136 835 confirmo
1162 773 1340 836 vobis
1367 773 1608 832 nullum
1633 773 1892 852 posthac
1922 773 2149 835 malum
2178 777 2365 837 civile
2392 800 2466 839 ao

422 875 828 936 domesticum
870 874 951 933 ad
977 872 1167 931 ullam
1193 871 1285 931 rei
1326 870 1614 951 publicae
1656 877 1897 949 partem
1940 891 2079 931 esse
2107 879 2461 938 venturum.

421 973 567 1033 Pari
621 970 830 1032 studio
883 969 1307 1030 defendendae
1362 967 1454 1027 rei
1506 966 1790 1046 publicae
1859 968 2221 1029 convenisse
2278 971 2467 1033 video

420 1071 700 1131 tribunos
728 1068 1011 1143 aerariOS,
1040 1064 1407 1125 fortissimos
1432 1063 1635 1141 viros;
1677 1064 1907 1124 scribas
1935 1064 2088 1125 item
2118 1066 2465 1149 univerSOS,

420 1190 574 1248 quos
616 1187 805 1246 quum
831 1185 979 1225 casu
1018 1164 1117 1224 hic
1143 1164 1278 1223 dies
1306 1163 1388 1222 ad
1427 1162 1731 1222 aerarium
1771 1163 2249 1242 frequentasset,
2278 1166 2465 1227 video

336 1282 397 1332 10
422 1267 501 1327 ab
545 1262 1007 1342 exspectatione
1052 1261 1235 1320 sortis
1278 1260 1359 1319 ad
1404 1259 1666 1319 salutem
1710 1279 2092 1320 communem
2138 1281 2279 1322 esse
2323 1283 2468 1323 con-

420 1381 644 1427 versos,
730 1357 948 1419 Omnis
976 1359 1385 1438 ingenuorum
1411 1357 1591 1416 adest
1616 1356 1971 1433 multitudo,
1999 1358 2187 1417 etiam
2229 1361 2467 1421 tenuis·

421 1463 727 1521 simorum.
811 1454 968 1530 Quis
1012 1455 1178 1515 enim
1225 1460 1343 1531 est,
1373 1453 1473 1513 cui
1515 1473 1641 1513 non
1683 1453 1836 1513 haec
1880 1454 2133 1533 templa,
2167 1464 2466 1534 aspectus

419 1558 606 1634 urbis,
641 1553 956 1636 possessio
1001 1551 1329 1628 libertatis,
1374 1550 1484 1609 lux
1530 1550 1797 1628 denique
1844 1549 1998 1610 haec
2042 1551 2181 1630 ipsa
2230 1561 2299 1614 et
2342 1555 2467 1616 hoe

419 1674 739 1717 commune
781 1653 1020 1733 patriae
1064 1650 1264 1711 solum
1306 1667 1502 1729 quum
1541 1646 1628 1707 sit
1671 1667 1897 1726 carum,
1924 1654 2060 1707 tum
2086 1670 2235 1710 vero
2280 1651 2464 1715 dulce

333 1767 392 1814 15
419 1762 607 1834 atque
633 1756 967 1836 jucundum
983 1757 1013 1816 P

537 1851 718 1915 VIII.
765 1852 1006 1932 Operae
1045 1853 1317 1932 pretium
1352 1859 1470 1928 est,
1498 1858 1707 1931 patres
1748 1851 2099 1930 conscripti,
2140 1850 2463 1912 libertino-

417 1972 553 2010 rum
579 1951 896 2013 hominum
925 1951 1132 2011 studia
1168 1970 1558 2030 cognoscere,
1588 1949 1696 2028 qui
1736 1971 1849 2009 sua
1876 1952 2108 2012 virtute
2146 1950 2464 2010 fortunam

415 2047 600 2127 hujus
628 2049 898 2110 civitatis
926 2048 1237 2109 consecuti
1264 2048 1424 2108 hanc
1452 2067 1624 2108 suam
1652 2047 1914 2126 patriam
1938 2047 2243 2128 judicant,
2273 2068 2464 2126 quam

418 2146 666 2223 quidam
692 2146 794 2207 hie
818 2146 950 2205 nati
980 2154 1047 2207 et
1072 2166 1315 2206 summo
1341 2145 1482 2207 loco
1506 2146 1640 2206 nati
1666 2167 1790 2207 non
1816 2146 2080 2225 patriam
2121 2167 2316 2222 suam,
2345 2145 2463 2207 sed
2570 2206 2574 2210 ,

329 2255 393 2302 20
419 2244 633 2304 urbem
679 2246 951 2306 hostium
999 2267 1137 2307 esse
1182 2246 1630 2327 judicavenmt.
1736 2247 1860 2308 Sed
1906 2248 2055 2327 quid
2101 2268 2224 2327 ego
2270 2248 2463 2308 hosce

417 2341 697 2403 homines
745 2344 1115 2423 ordinesque
1166 2364 1590 2421 commemom,
1620 2365 1776 2423 quos
1819 2345 2101 2424 privatae
2150 2347 2460 2421 fortunae,

418 2460 573 2518 quos
600 2441 934 2501 communis
961 2461 1059 2501 res
1099 2441 1368 2520 publica,
1398 2462 1554 2520 quos
1581 2442 1849 2520 denique
1888 2442 2163 2519 libertem,
2192 2463 2267 2503 ea
2294 2462 2461 2520 quae

416 2537 768 2599 dulcissima
795 2546 913 2616 est,
941 2539 1019 2598 ad
1049 2538 1311 2599 salutem
1351 2539 1591 2617 patriae
1618 2540 2069 2599 defendendam
2109 2539 2407 2600 excitavit
2428 2540 2460 2600 ἰ’

417 2634 645 2698 Servus
677 2644 777 2698 est
818 2657 1021 2714 nemo,
1049 2636 1157 2715 qui
1190 2637 1376 2696 modo
1421 2635 1730 2696 tolerabili
1758 2636 2117 2697 condicione
2161 2637 2245 2696 sit
2271 2635 2460 2698 servi·

329 2742 391 2789 25
417 2733 593 2811 tutis,
621 2735 730 2813 qui
755 2755 879 2794 non
921 2734 1242 2794 audaciam
1270 2732 1498 2794 civium
1538 2732 1978 2810 perhorrescat,
2006 2733 2115 2811 qui
2140 2752 2264 2792 non
2304 2732 2462 2793 haee

419 2838 581 2891 stare
622 2832 853 2909 cupiat,
881 2832 988 2909 qui
1012 2851 1138 2889 non
1179 2836 1444 2901 tantum,
1473 2835 1773 2908 quantum
1814 2830 2006 2889 audet
2045 2836 2112 2889 et
2152 2836 2458 2908 quantum

416 2933 648 3004 potest,
677 2928 949 2987 conferat
977 2926 1056 2984 ad
1083 2945 1465 2986 communem
1494 2925 1760 2986 salutem
1786 2925 2142 2987 voluntatis.

537 3021 742 3095 Quare
771 3023 823 3080 si
853 3042 1035 3100 quem
1061 3027 1333 3082 vestrum
1361 3024 1521 3083 forte
1549 3029 1894 3084 commovet
1931 3022 2067 3100 hoc,
2095 3024 2262 3101 quod
2290 3023 2460 3082 audi-

416 3123 552 3175 tum
608 3123 723 3194 est,
778 3118 1060 3177 lenonem
1117 3119 1427 3196 quendam
1493 3119 1745 3179 Lentuli
1799 3139 2160 3179 concursare
2227 3120 2460 3180 circum

329 3226 394 3272 30
419 3215 727 3288 tabernae,
755 3214 956 3293 pretio
1000 3236 1246 3294 sperare
1286 3236 1472 3293 posse
1512 3216 1832 3276 sollicitari
1858 3216 2094 3276 animos
2135 3217 2460 3295 egentium

419 3318 608 3390 atque
636 3310 1076 3390 imperitorum,
1100 3318 1198 3372 est
1225 3312 1289 3370 id
1319 3312 1569 3390 quidem
1595 3319 1888 3391 coeptum
1911 3318 2097 3390 atque
2124 3319 2459 3388 tentatum,

419 3410 530 3469 sed
559 3408 711 3467 nulli
739 3417 883 3468 sunt
909 3408 1147 3469 inventi
1175 3415 1302 3467 tam
1332 3415 1444 3466 aut
1470 3409 1712 3467 fortuna
1743 3408 1955 3468 miseri
1996 3415 2105 3467 aut
2135 3409 2459 3469 voluntate

419 3506 668 3584 perditi,
691 3505 797 3583 qui
823 3525 949 3563 non
976 3504 1149 3562 illum
1176 3504 1379 3582 ipsum
1408 3504 1596 3564 sellae
1624 3512 1812 3583 atque
1834 3506 2133 3583 operiset
2160 3513 2458 3583 quaestus

421 3601 769 3681 quotidiani
796 3600 1019 3677 locum,
1048 3600 1155 3679 qui
1182 3621 1306 3660 non
1335 3600 1537 3661 cubile
1566 3607 1755 3679 atque
1783 3601 2076 3661 lectulum
2122 3621 2318 3679 suum,
2349 3602 2459 3681 qui

331 3710 395 3756 35
423 3700 689 3778 denique
734 3718 857 3759 non
885 3718 1127 3758 cursum
1153 3697 1317 3757 hunc
1359 3697 1630 3757 otiosum
1655 3697 1824 3759 vitae
1854 3719 2003 3758 suae
2047 3699 2283 3759 salvum
2318 3720 2459 3760 esse

424 3796 632 3854 velint.
715 3795 915 3853 Multo
957 3815 1111 3856 vero>
1148 3793 1418 3852 maxima
1463 3813 1607 3870 pars
1650 3801 1883 3872 eorum,
1917 3795 2025 3873 qui
2073 3795 2138 3853 in
2181 3796 2460 3857 tabernis
