<?xml version="1.0" encoding="UTF-8"?>
<!DOCTYPE html PUBLIC "-//W3C//DTD XHTML 1.0 Transitional//EN"
    "http://www.w3.org/TR/xhtml1/DTD/xhtml1-transitional.dtd">
<html xmlns="http://www.w3.org/1999/xhtml" xml:lang="en" lang="en">
 <head>
  <title>
</title>
<meta http-equiv="Content-Type" content="text/html;charset=utf-8" />
  <meta name='ocr-system' content='tesseract 3.04.00' />
  <meta name='ocr-capabilities' content='ocr_page ocr_carea ocr_par ocr_line ocrx_word'/>
</head>
<body>
  <div class='ocr_page' id='page_1' title='image "./selectorationsm02harkgoog_0143.png"; bbox 0 0 2725 4299; ppageno 0'>
   <div class='ocr_carea' id='block_1_1' title="bbox 768 261 2352 324">
    <p class='ocr_par' dir='ltr' id='par_1_1' title="bbox 768 261 2352 324">
     <span class='ocr_line' id='line_1_1' title="bbox 768 261 2352 324; baseline 0.009 -13"><span class='ocrx_word' id='word_1_1' title='bbox 768 262 839 312; x_wconf 88' lang='lat' dir='ltr'><strong>IN</strong></span> <span class='ocrx_word' id='word_1_2' title='bbox 884 261 1237 312; x_wconf 76' lang='lat' dir='ltr'><strong>ANTONIUM</strong></span> <span class='ocrx_word' id='word_1_3' title='bbox 1281 262 1527 313; x_wconf 81' lang='lat' dir='ltr'><strong>ORATIO</strong></span> <span class='ocrx_word' id='word_1_4' title='bbox 1572 262 1804 313; x_wconf 75' lang='lat' dir='ltr'><strong>PRIMA.</strong></span> <span class='ocrx_word' id='word_1_5' title='bbox 2234 264 2352 324; x_wconf 77' lang='lat'><strong>121</strong></span> 
     </span>
    </p>
   </div>
   <div class='ocr_carea' id='block_1_2' title="bbox 196 418 2355 3896">
    <p class='ocr_par' dir='ltr' id='par_1_2' title="bbox 196 418 2350 1085">
     <span class='ocr_line' id='line_1_2' title="bbox 203 418 2250 504; baseline 0 -21"><span class='ocrx_word' id='word_1_6' title='bbox 203 418 315 484; x_wconf 79' lang='lat' dir='ltr'><strong>bat.</strong></span> <span class='ocrx_word' id='word_1_7' title='bbox 349 435 357 442; x_wconf 86' lang='grc'><em>“</em></span> <span class='ocrx_word' id='word_1_8' title='bbox 385 422 556 483; x_wconf 91' lang='lat' dir='ltr'><strong>Num</strong></span> <span class='ocrx_word' id='word_1_9' title='bbox 586 425 701 502; x_wconf 90' lang='lat' dir='ltr'><strong>qui</strong></span> <span class='ocrx_word' id='word_1_10' title='bbox 733 425 980 486; x_wconf 81' lang='lat' dir='ltr'>exsules</span> <span class='ocrx_word' id='word_1_11' title='bbox 1006 426 1332 487; x_wconf 84' lang='lat' dir='ltr'><strong>restituti?</strong></span> <span class='ocrx_word' id='word_1_12' title='bbox 1414 425 1622 485; x_wconf 92' lang='lat' dir='ltr'><strong>Unum</strong></span> <span class='ocrx_word' id='word_1_13' title='bbox 1664 425 1887 502; x_wconf 87' lang='lat' dir='ltr'><strong>aiebat,</strong></span> <span class='ocrx_word' id='word_1_14' title='bbox 1924 432 2250 504; x_wconf 86' lang='lat' dir='ltr'><strong>praeterea</strong></span> 
     </span>
     <span class='ocr_line' id='line_1_3' title="bbox 200 520 2245 601; baseline 0.002 -24"><span class='ocrx_word' id='word_1_15' title='bbox 200 520 514 579; x_wconf 89' lang='lat' dir='ltr'><strong>neminem.</strong></span> <span class='ocrx_word' id='word_1_16' title='bbox 590 520 773 580; x_wconf 91' lang='lat' dir='ltr'><strong>Num</strong></span> <span class='ocrx_word' id='word_1_17' title='bbox 797 523 1219 581; x_wconf 88' lang='lat' dir='ltr'><strong>immunitates</strong></span> <span class='ocrx_word' id='word_1_18' title='bbox 1246 523 1434 582; x_wconf 88' lang='lat' dir='ltr'><strong>datae</strong></span> <span class='ocrx_word' id='word_1_19' title='bbox 1452 524 1483 582; x_wconf 73' lang='lat' dir='ltr'>P</span> <span class='ocrx_word' id='word_1_20' title='bbox 1550 521 1794 598; x_wconf 87' lang='lat' dir='ltr'><strong>Nullae,</strong></span> <span class='ocrx_word' id='word_1_21' title='bbox 1812 523 2245 601; x_wconf 86' lang='lat' dir='ltr'><strong>respondebat.</strong></span> 
     </span>
     <span class='ocr_line' id='line_1_4' title="bbox 198 614 2246 697; baseline 0.002 -21"><span class='ocrx_word' id='word_1_22' title='bbox 198 614 500 676; x_wconf 86' lang='lat' dir='ltr'><strong>Assentiri</strong></span> <span class='ocrx_word' id='word_1_23' title='bbox 527 618 731 676; x_wconf 89' lang='lat' dir='ltr'><strong>etiam</strong></span> <span class='ocrx_word' id='word_1_24' title='bbox 758 640 869 679; x_wconf 91' lang='lat' dir='ltr'><strong>nos</strong></span> <span class='ocrx_word' id='word_1_25' title='bbox 900 619 1027 680; x_wconf 87' lang='lat' dir='ltr'><strong>Ser.</strong></span> <span class='ocrx_word' id='word_1_26' title='bbox 1062 618 1353 697; x_wconf 86' lang='lat' dir='ltr'><strong>Sulpicio,</strong></span> <span class='ocrx_word' id='word_1_27' title='bbox 1383 619 1723 679; x_wconf 90' lang='lat' dir='ltr'><strong>clarissimo</strong></span> <span class='ocrx_word' id='word_1_28' title='bbox 1740 621 1893 696; x_wconf 88' lang='lat' dir='ltr'><strong>vir0,</strong></span> <span class='ocrx_word' id='word_1_29' title='bbox 1923 620 2139 696; x_wconf 88' lang='lat' dir='ltr'><strong>voluit,</strong></span> <span class='ocrx_word' id='word_1_30' title='bbox 2168 640 2246 680; x_wconf 92' lang='lat' dir='ltr'><strong>ne</strong></span> 
     </span>
     <span class='ocr_line' id='line_1_5' title="bbox 197 701 2247 793; baseline 0.001 -22"><span class='ocrx_word' id='word_1_31' title='bbox 197 732 308 791; x_wconf 89' lang='lat' dir='ltr'><strong>qua</strong></span> <span class='ocrx_word' id='word_1_32' title='bbox 354 713 575 772; x_wconf 90' lang='lat' dir='ltr'><strong>tabula</strong></span> <span class='ocrx_word' id='word_1_33' title='bbox 618 723 776 793; x_wconf 91' lang='lat' dir='ltr'><strong>post</strong></span> <span class='ocrx_word' id='word_1_34' title='bbox 821 701 970 775; x_wconf 80' lang='lat' dir='ltr'><strong>Idus</strong></span> <span class='ocrx_word' id='word_1_35' title='bbox 1012 716 1267 775; x_wconf 87' lang='lat' dir='ltr'><strong>Martias</strong></span> <span class='ocrx_word' id='word_1_36' title='bbox 1308 715 1499 776; x_wconf 89' lang='lat' dir='ltr'><strong>ullius</strong></span> <span class='ocrx_word' id='word_1_37' title='bbox 1540 717 1774 776; x_wconf 79' lang='lat' dir='ltr'><strong>decreti</strong></span> <span class='ocrx_word' id='word_1_38' title='bbox 1815 716 2097 776; x_wconf 82' lang='lat' dir='ltr'><strong>Caesaris</strong></span> <span class='ocrx_word' id='word_1_39' title='bbox 2137 722 2247 777; x_wconf 89' lang='lat' dir='ltr'><strong>aut</strong></span> 
     </span>
     <span class='ocr_line' id='line_1_6' title="bbox 197 809 2350 890; baseline 0.001 -21"><span class='ocrx_word' id='word_1_40' title='bbox 197 809 466 869; x_wconf 89' lang='lat' dir='ltr'><strong>beneficii</strong></span> <span class='ocrx_word' id='word_1_41' title='bbox 514 810 836 889; x_wconf 87' lang='lat' dir='ltr'><strong>figeretur.</strong></span> <span class='ocrx_word' id='word_1_42' title='bbox 921 812 1123 872; x_wconf 88' lang='lat' dir='ltr'><strong>Multa</strong></span> <span class='ocrx_word' id='word_1_43' title='bbox 1170 819 1494 890; x_wconf 88' lang='lat' dir='ltr'><strong>praetereo</strong></span> <span class='ocrx_word' id='word_1_44' title='bbox 1538 832 1733 890; x_wconf 87' lang='lat' dir='ltr'><strong>eaque</strong></span> <span class='ocrx_word' id='word_1_45' title='bbox 1776 812 2124 890; x_wconf 88' lang='lat' dir='ltr'><strong>praeclara;</strong></span> <span class='ocrx_word' id='word_1_46' title='bbox 2166 814 2247 871; x_wconf 90' lang='lat' dir='ltr'><strong>ad</strong></span> <span class='ocrx_word' id='word_1_47' title='bbox 2321 827 2350 871; x_wconf 81' lang='lat'>5</span> 
     </span>
     <span class='ocr_line' id='line_1_7' title="bbox 196 906 2247 985; baseline 0.001 -19"><span class='ocrx_word' id='word_1_48' title='bbox 196 906 496 985; x_wconf 88' lang='lat' dir='ltr'><strong>singulare</strong></span> <span class='ocrx_word' id='word_1_49' title='bbox 544 908 726 968; x_wconf 90' lang='lat' dir='ltr'><strong>enim</strong></span> <span class='ocrx_word' id='word_1_50' title='bbox 752 909 835 970; x_wconf 89' lang='lat' dir='ltr'><strong>M.</strong></span> <span class='ocrx_word' id='word_1_51' title='bbox 867 908 1130 969; x_wconf 90' lang='lat' dir='ltr'><strong>Antonii</strong></span> <span class='ocrx_word' id='word_1_52' title='bbox 1168 911 1399 969; x_wconf 83' lang='lat' dir='ltr'><strong>factum</strong></span> <span class='ocrx_word' id='word_1_53' title='bbox 1441 909 1699 969; x_wconf 83' lang='lat' dir='ltr'><strong>festinat</strong></span> <span class='ocrx_word' id='word_1_54' title='bbox 1742 909 1955 969; x_wconf 80' lang='lat' dir='ltr'><strong>oratiO.</strong></span> <span class='ocrx_word' id='word_1_55' title='bbox 2039 909 2247 968; x_wconf 87' lang='lat' dir='ltr'><strong>Dicta-</strong></span> 
     </span>
     <span class='ocr_line' id='line_1_8' title="bbox 197 1005 2247 1085; baseline 0.001 -23"><span class='ocrx_word' id='word_1_56' title='bbox 197 1010 402 1080; x_wconf 84' lang='lat' dir='ltr'><strong>turam,</strong></span> <span class='ocrx_word' id='word_1_57' title='bbox 430 1023 599 1082; x_wconf 89' lang='lat' dir='ltr'><strong>quae</strong></span> <span class='ocrx_word' id='word_1_58' title='bbox 641 1006 779 1085; x_wconf 87' lang='lat' dir='ltr'><strong>jam</strong></span> <span class='ocrx_word' id='word_1_59' title='bbox 807 1007 933 1067; x_wconf 84' lang='lat' dir='ltr'><strong>vim</strong></span> <span class='ocrx_word' id='word_1_60' title='bbox 972 1007 1182 1085; x_wconf 85' lang='lat' dir='ltr'><strong>regiae</strong></span> <span class='ocrx_word' id='word_1_61' title='bbox 1226 1006 1564 1084; x_wconf 91' lang='lat' dir='ltr'><strong>potestatis</strong></span> <span class='ocrx_word' id='word_1_62' title='bbox 1590 1005 1940 1080; x_wconf 87' lang='lat' dir='ltr'><strong>obsederat,</strong></span> <span class='ocrx_word' id='word_1_63' title='bbox 1967 1005 2247 1064; x_wconf 83' lang='lat' dir='ltr'><strong>funditus</strong></span> 
     </span>
    </p>

    <p class='ocr_par' dir='ltr' id='par_1_3' title="bbox 196 1100 2353 1565">
     <span class='ocr_line' id='line_1_9' title="bbox 196 1100 2247 1181; baseline 0 -23"><span class='ocrx_word' id='word_1_64' title='bbox 196 1120 268 1159; x_wconf 83' lang='lat' dir='ltr'><strong>ex</strong></span> <span class='ocrx_word' id='word_1_65' title='bbox 304 1120 370 1160; x_wconf 93' lang='lat' dir='ltr'><strong>re</strong></span> <span class='ocrx_word' id='word_1_66' title='bbox 415 1101 685 1179; x_wconf 88' lang='lat' dir='ltr'><strong>publica</strong></span> <span class='ocrx_word' id='word_1_67' title='bbox 727 1103 1004 1179; x_wconf 80' lang='lat' dir='ltr'><strong>sustulit,</strong></span> <span class='ocrx_word' id='word_1_68' title='bbox 1033 1103 1111 1162; x_wconf 92' lang='lat' dir='ltr'><strong>de</strong></span> <span class='ocrx_word' id='word_1_69' title='bbox 1139 1122 1263 1181; x_wconf 90' lang='lat' dir='ltr'><strong>qua</strong></span> <span class='ocrx_word' id='word_1_70' title='bbox 1306 1121 1388 1161; x_wconf 91' lang='lat' dir='ltr'><strong>ne</strong></span> <span class='ocrx_word' id='word_1_71' title='bbox 1431 1101 1778 1162; x_wconf 84' lang='lat' dir='ltr'><strong>sententias</strong></span> <span class='ocrx_word' id='word_1_72' title='bbox 1806 1100 2053 1178; x_wconf 90' lang='lat' dir='ltr'><strong>quidem</strong></span> <span class='ocrx_word' id='word_1_73' title='bbox 2093 1100 2247 1159; x_wconf 83' lang='lat' dir='ltr'><strong>dixi·</strong></span> 
     </span>
     <span class='ocr_line' id='line_1_10' title="bbox 200 1196 2247 1277; baseline 0.001 -24"><span class='ocrx_word' id='word_1_74' title='bbox 200 1216 355 1257; x_wconf 82' lang='lat' dir='ltr'><strong>mus:</strong></span> <span class='ocrx_word' id='word_1_75' title='bbox 400 1198 720 1276; x_wconf 89' lang='lat' dir='ltr'><strong>scriptum</strong></span> <span class='ocrx_word' id='word_1_76' title='bbox 748 1206 998 1259; x_wconf 89' lang='lat' dir='ltr'><strong>senatus</strong></span> <span class='ocrx_word' id='word_1_77' title='bbox 1026 1198 1394 1276; x_wconf 91' lang='lat' dir='ltr'><strong>consultum,</strong></span> <span class='ocrx_word' id='word_1_78' title='bbox 1421 1198 1587 1277; x_wconf 90' lang='lat' dir='ltr'><strong>quod</strong></span> <span class='ocrx_word' id='word_1_79' title='bbox 1613 1197 1744 1258; x_wconf 88' lang='lat' dir='ltr'><strong>fieri</strong></span> <span class='ocrx_word' id='word_1_80' title='bbox 1771 1197 1981 1274; x_wconf 88' lang='lat' dir='ltr'><strong>vellet,</strong></span> <span class='ocrx_word' id='word_1_81' title='bbox 2009 1196 2247 1273; x_wconf 89' lang='lat' dir='ltr'><strong>attulit,</strong></span> 
     </span>
     <span class='ocr_line' id='line_1_11' title="bbox 199 1294 2353 1375; baseline 0 -24"><span class='ocrx_word' id='word_1_82' title='bbox 199 1311 312 1370; x_wconf 91' lang='lat' dir='ltr'><strong>quo</strong></span> <span class='ocrx_word' id='word_1_83' title='bbox 336 1294 608 1354; x_wconf 89' lang='lat' dir='ltr'><strong>recitato</strong></span> <span class='ocrx_word' id='word_1_84' title='bbox 652 1298 1092 1374; x_wconf 86' lang='lat' dir='ltr'><strong>auctoritatem</strong></span> <span class='ocrx_word' id='word_1_85' title='bbox 1120 1296 1257 1375; x_wconf 88' lang='lat' dir='ltr'><strong>ejus</strong></span> <span class='ocrx_word' id='word_1_86' title='bbox 1299 1315 1541 1354; x_wconf 92' lang='lat' dir='ltr'><strong>summo</strong></span> <span class='ocrx_word' id='word_1_87' title='bbox 1569 1295 1779 1355; x_wconf 92' lang='lat' dir='ltr'><strong>studio</strong></span> <span class='ocrx_word' id='word_1_88' title='bbox 1807 1295 2006 1355; x_wconf 88' lang='lat' dir='ltr'><strong>secuti</strong></span> <span class='ocrx_word' id='word_1_89' title='bbox 2036 1313 2247 1353; x_wconf 87' lang='lat' dir='ltr'><strong>sumus</strong></span> <span class='ocrx_word' id='word_1_90' title='bbox 2290 1304 2353 1351; x_wconf 89' lang='lat'><strong>10</strong></span> 
     </span>
     <span class='ocr_line' id='line_1_12' title="bbox 200 1390 2246 1471; baseline 0 -22"><span class='ocrx_word' id='word_1_91' title='bbox 200 1390 369 1467; x_wconf 91' lang='lat' dir='ltr'><strong>eique</strong></span> <span class='ocrx_word' id='word_1_92' title='bbox 415 1391 830 1470; x_wconf 83' lang='lat' dir='ltr'><strong>amplissimis</strong></span> <span class='ocrx_word' id='word_1_93' title='bbox 877 1393 1082 1454; x_wconf 86' lang='lat' dir='ltr'><strong>verbis</strong></span> <span class='ocrx_word' id='word_1_94' title='bbox 1136 1412 1248 1471; x_wconf 89' lang='lat' dir='ltr'><strong>per</strong></span> <span class='ocrx_word' id='word_1_95' title='bbox 1301 1399 1555 1452; x_wconf 89' lang='lat' dir='ltr'><strong>senatus</strong></span> <span class='ocrx_word' id='word_1_96' title='bbox 1605 1391 1953 1452; x_wconf 92' lang='lat' dir='ltr'><strong>consultum</strong></span> <span class='ocrx_word' id='word_1_97' title='bbox 2008 1392 2246 1470; x_wconf 84' lang='lat' dir='ltr'><strong>gratias</strong></span> 
     </span>
     <span class='ocr_line' id='line_1_13' title="bbox 200 1487 445 1565; baseline 0.008 -19"><span class='ocrx_word' id='word_1_98' title='bbox 200 1487 445 1565; x_wconf 78' lang='lat' dir='ltr'><strong>egimus,</strong></span> 
     </span>
    </p>

    <p class='ocr_par' dir='ltr' id='par_1_4' title="bbox 203 1584 2355 3415">
     <span class='ocr_line' id='line_1_14' title="bbox 309 1584 2246 1667; baseline -0.001 -22"><span class='ocrx_word' id='word_1_99' title='bbox 309 1584 391 1645; x_wconf 82' lang='lat' dir='ltr'><strong>IL</strong></span> <span class='ocrx_word' id='word_1_100' title='bbox 433 1586 584 1647; x_wconf 82' lang='lat' dir='ltr'><strong>Lux</strong></span> <span class='ocrx_word' id='word_1_101' title='bbox 635 1589 943 1667; x_wconf 86' lang='lat' dir='ltr'><strong>quaedam</strong></span> <span class='ocrx_word' id='word_1_102' title='bbox 990 1587 1318 1647; x_wconf 86' lang='lat' dir='ltr'><strong>videbatur</strong></span> <span class='ocrx_word' id='word_1_103' title='bbox 1367 1585 1595 1662; x_wconf 89' lang='lat' dir='ltr'><strong>oblata,</strong></span> <span class='ocrx_word' id='word_1_104' title='bbox 1635 1606 1760 1645; x_wconf 94' lang='lat' dir='ltr'><strong>non</strong></span> <span class='ocrx_word' id='word_1_105' title='bbox 1809 1586 1990 1645; x_wconf 89' lang='lat' dir='ltr'><strong>modo</strong></span> <span class='ocrx_word' id='word_1_106' title='bbox 2030 1604 2246 1663; x_wconf 87' lang='lat' dir='ltr'><strong>regn0,</strong></span> 
     </span>
     <span class='ocr_line' id='line_1_15' title="bbox 203 1682 2249 1762; baseline -0.001 -21"><span class='ocrx_word' id='word_1_107' title='bbox 203 1683 354 1758; x_wconf 90' lang='lat' dir='ltr'><strong>quod</strong></span> <span class='ocrx_word' id='word_1_108' title='bbox 395 1685 879 1761; x_wconf 89' lang='lat' dir='ltr'><strong>pertuleramus,</strong></span> <span class='ocrx_word' id='word_1_109' title='bbox 906 1684 1020 1744; x_wconf 87' lang='lat' dir='ltr'><strong>sed</strong></span> <span class='ocrx_word' id='word_1_110' title='bbox 1068 1685 1260 1745; x_wconf 88' lang='lat' dir='ltr'><strong>etiam</strong></span> <span class='ocrx_word' id='word_1_111' title='bbox 1304 1684 1484 1762; x_wconf 89' lang='lat' dir='ltr'><strong>regni</strong></span> <span class='ocrx_word' id='word_1_112' title='bbox 1527 1683 1744 1742; x_wconf 90' lang='lat' dir='ltr'><strong>timore</strong></span> <span class='ocrx_word' id='word_1_113' title='bbox 1787 1682 2052 1758; x_wconf 89' lang='lat' dir='ltr'><strong>sublato,</strong></span> <span class='ocrx_word' id='word_1_114' title='bbox 2079 1702 2249 1758; x_wconf 90' lang='lat' dir='ltr'><strong>mag-</strong></span> 
     </span>
     <span class='ocr_line' id='line_1_16' title="bbox 205 1777 2351 1863; baseline 0 -27"><span class='ocrx_word' id='word_1_115' title='bbox 205 1796 458 1857; x_wconf 88' lang='lat' dir='ltr'><strong>numque</strong></span> <span class='ocrx_word' id='word_1_116' title='bbox 508 1783 752 1863; x_wconf 88' lang='lat' dir='ltr'><strong>pignus</strong></span> <span class='ocrx_word' id='word_1_117' title='bbox 796 1782 874 1841; x_wconf 93' lang='lat' dir='ltr'><strong>ab</strong></span> <span class='ocrx_word' id='word_1_118' title='bbox 901 1801 978 1841; x_wconf 89' lang='lat' dir='ltr'><strong>eo</strong></span> <span class='ocrx_word' id='word_1_119' title='bbox 1005 1782 1094 1841; x_wconf 90' lang='lat' dir='ltr'><strong>rei</strong></span> <span class='ocrx_word' id='word_1_120' title='bbox 1137 1780 1419 1859; x_wconf 90' lang='lat' dir='ltr'><strong>publicae</strong></span> <span class='ocrx_word' id='word_1_121' title='bbox 1449 1781 1683 1856; x_wconf 89' lang='lat' dir='ltr'><strong>datum,</strong></span> <span class='ocrx_word' id='word_1_122' title='bbox 1712 1799 1780 1838; x_wconf 92' lang='lat' dir='ltr'><strong>se</strong></span> <span class='ocrx_word' id='word_1_123' title='bbox 1823 1778 2080 1839; x_wconf 86' lang='lat' dir='ltr'><strong>liberam</strong></span> <span class='ocrx_word' id='word_1_124' title='bbox 2108 1777 2250 1837; x_wconf 88' lang='lat' dir='ltr'><strong>civi·</strong></span> <span class='ocrx_word' id='word_1_125' title='bbox 2292 1789 2351 1837; x_wconf 85' lang='lat'><strong>16</strong></span> 
     </span>
     <span class='ocr_line' id='line_1_17' title="bbox 206 1874 2266 1958; baseline -0 -25"><span class='ocrx_word' id='word_1_126' title='bbox 206 1881 388 1936; x_wconf 91' lang='lat' dir='ltr'><strong>tatem</strong></span> <span class='ocrx_word' id='word_1_127' title='bbox 429 1899 576 1941; x_wconf 90' lang='lat' dir='ltr'><strong>esse</strong></span> <span class='ocrx_word' id='word_1_128' title='bbox 628 1880 814 1956; x_wconf 87' lang='lat' dir='ltr'><strong>velle,</strong></span> <span class='ocrx_word' id='word_1_129' title='bbox 843 1900 1032 1958; x_wconf 92' lang='lat' dir='ltr'><strong>quum</strong></span> <span class='ocrx_word' id='word_1_130' title='bbox 1060 1879 1389 1940; x_wconf 90' lang='lat' dir='ltr'><strong>dictatoris</strong></span> <span class='ocrx_word' id='word_1_131' title='bbox 1432 1898 1677 1953; x_wconf 90' lang='lat' dir='ltr'><strong>nomen,</strong></span> <span class='ocrx_word' id='word_1_132' title='bbox 1704 1876 1871 1955; x_wconf 90' lang='lat' dir='ltr'><strong>quod</strong></span> <span class='ocrx_word' id='word_1_133' title='bbox 1898 1895 2084 1953; x_wconf 87' lang='lat' dir='ltr'><strong>saepe</strong></span> <span class='ocrx_word' id='word_1_134' title='bbox 2126 1874 2266 1953; x_wconf 82' lang='lat' dir='ltr'><strong>jus·.</strong></span> 
     </span>
     <span class='ocr_line' id='line_1_18' title="bbox 209 1976 2250 2059; baseline -0.002 -26"><span class='ocrx_word' id='word_1_135' title='bbox 209 1977 331 2033; x_wconf 82' lang='lat' dir='ltr'><strong>tum</strong></span> <span class='ocrx_word' id='word_1_136' title='bbox 354 1976 603 2057; x_wconf 82' lang='lat' dir='ltr'><strong>fuisset,</strong></span> <span class='ocrx_word' id='word_1_137' title='bbox 632 1986 893 2059; x_wconf 88' lang='lat' dir='ltr'><strong>propter</strong></span> <span class='ocrx_word' id='word_1_138' title='bbox 916 1985 1256 2057; x_wconf 85' lang='lat' dir='ltr'><strong>perpetuae</strong></span> <span class='ocrx_word' id='word_1_139' title='bbox 1284 1977 1630 2037; x_wconf 85' lang='lat' dir='ltr'><strong>dictaturae</strong></span> <span class='ocrx_word' id='word_1_140' title='bbox 1672 1977 1984 2033; x_wconf 78' lang='lat' dir='ltr'><strong>recentem</strong></span> <span class='ocrx_word' id='word_1_141' title='bbox 2028 1990 2250 2030; x_wconf 86' lang='lat' dir='ltr'><strong>memo·</strong></span> 
     </span>
     <span class='ocr_line' id='line_1_19' title="bbox 209 2067 2248 2155; baseline -0 -28"><span class='ocrx_word' id='word_1_142' title='bbox 209 2070 350 2129; x_wconf 88' lang='lat' dir='ltr'><strong>riam</strong></span> <span class='ocrx_word' id='word_1_143' title='bbox 376 2074 668 2137; x_wconf 87' lang='lat' dir='ltr'><strong>funditus</strong></span> <span class='ocrx_word' id='word_1_144' title='bbox 696 2097 777 2137; x_wconf 84' lang='lat' dir='ltr'><strong>ex</strong></span> <span class='ocrx_word' id='word_1_145' title='bbox 802 2096 869 2137; x_wconf 92' lang='lat' dir='ltr'><strong>re</strong></span> <span class='ocrx_word' id='word_1_146' title='bbox 897 2076 1142 2155; x_wconf 88' lang='lat' dir='ltr'><strong>publica</strong></span> <span class='ocrx_word' id='word_1_147' title='bbox 1162 2074 1537 2134; x_wconf 89' lang='lat' dir='ltr'><strong>sustulisset.</strong></span> <span class='ocrx_word' id='word_1_148' title='bbox 1623 2071 1951 2131; x_wconf 88' lang='lat' dir='ltr'><strong>Liberatus</strong></span> <span class='ocrx_word' id='word_1_149' title='bbox 1977 2067 2248 2147; x_wconf 85' lang='lat' dir='ltr'><strong>periculo</strong></span> 
     </span>
     <span class='ocr_line' id='line_1_20' title="bbox 213 2169 2248 2252; baseline -0 -27"><span class='ocrx_word' id='word_1_150' title='bbox 213 2171 401 2231; x_wconf 87' lang='lat' dir='ltr'><strong>caedis</strong></span> <span class='ocrx_word' id='word_1_151' title='bbox 456 2175 686 2251; x_wconf 84' lang='lat' dir='ltr'><strong>paucis</strong></span> <span class='ocrx_word' id='word_1_152' title='bbox 740 2180 884 2252; x_wconf 93' lang='lat' dir='ltr'><strong>post</strong></span> <span class='ocrx_word' id='word_1_153' title='bbox 937 2174 1158 2234; x_wconf 89' lang='lat' dir='ltr'><strong>diebus</strong></span> <span class='ocrx_word' id='word_1_154' title='bbox 1213 2178 1500 2247; x_wconf 84' lang='lat' dir='ltr'><strong>senatus3</strong></span> <span class='ocrx_word' id='word_1_155' title='bbox 1554 2188 1747 2229; x_wconf 91' lang='lat' dir='ltr'><strong>uncus</strong></span> <span class='ocrx_word' id='word_1_156' title='bbox 1800 2169 2104 2247; x_wconf 88' lang='lat' dir='ltr'><strong>impactus</strong></span> <span class='ocrx_word' id='word_1_157' title='bbox 2149 2172 2248 2226; x_wconf 93' lang='lat' dir='ltr'><strong>est</strong></span> 
     </span>
     <span class='ocr_line' id='line_1_21' title="bbox 212 2263 2352 2350; baseline -0.003 -23"><span class='ocrx_word' id='word_1_158' title='bbox 212 2263 462 2345; x_wconf 80' lang='lat' dir='ltr'><strong>fugitivo</strong></span> <span class='ocrx_word' id='word_1_159' title='bbox 506 2273 632 2349; x_wconf 89' lang='lat' dir='ltr'><strong>illi,</strong></span> <span class='ocrx_word' id='word_1_160' title='bbox 661 2273 766 2350; x_wconf 91' lang='lat' dir='ltr'><strong>qui</strong></span> <span class='ocrx_word' id='word_1_161' title='bbox 807 2273 872 2330; x_wconf 90' lang='lat' dir='ltr'><strong>in</strong></span> <span class='ocrx_word' id='word_1_162' title='bbox 917 2271 1096 2330; x_wconf 90' lang='lat' dir='ltr'><strong>Marii</strong></span> <span class='ocrx_word' id='word_1_163' title='bbox 1144 2289 1372 2329; x_wconf 90' lang='lat' dir='ltr'><strong>nomen</strong></span> <span class='ocrx_word' id='word_1_164' title='bbox 1420 2268 1749 2327; x_wconf 85' lang='lat' dir='ltr'><strong>invaserat.</strong></span> <span class='ocrx_word' id='word_1_165' title='bbox 1833 2264 2048 2344; x_wconf 90' lang='lat' dir='ltr'><strong>Atque</strong></span> <span class='ocrx_word' id='word_1_166' title='bbox 2095 2264 2247 2323; x_wconf 90' lang='lat' dir='ltr'><strong>haec</strong></span> <span class='ocrx_word' id='word_1_167' title='bbox 2289 2275 2352 2322; x_wconf 83' lang='lat'><strong>20</strong></span> 
     </span>
     <span class='ocr_line' id='line_1_22' title="bbox 217 2360 2249 2446; baseline -0.001 -25"><span class='ocrx_word' id='word_1_168' title='bbox 217 2366 405 2425; x_wconf 89' lang='lat' dir='ltr'><strong>omnia</strong></span> <span class='ocrx_word' id='word_1_169' title='bbox 433 2369 853 2428; x_wconf 90' lang='lat' dir='ltr'><strong>communiter</strong></span> <span class='ocrx_word' id='word_1_170' title='bbox 873 2389 1010 2427; x_wconf 90' lang='lat' dir='ltr'><strong>cum</strong></span> <span class='ocrx_word' id='word_1_171' title='bbox 1030 2367 1305 2446; x_wconf 85' lang='lat' dir='ltr'><strong>collega3</strong></span> <span class='ocrx_word' id='word_1_172' title='bbox 1348 2365 1470 2425; x_wconf 87' lang='lat' dir='ltr'><strong>alia</strong></span> <span class='ocrx_word' id='word_1_173' title='bbox 1495 2384 1677 2443; x_wconf 86' lang='lat' dir='ltr'><strong>porro</strong></span> <span class='ocrx_word' id='word_1_174' title='bbox 1697 2363 1946 2441; x_wconf 88' lang='lat' dir='ltr'><strong>propria</strong></span> <span class='ocrx_word' id='word_1_175' title='bbox 1974 2362 2042 2420; x_wconf 91' lang='lat' dir='ltr'><strong>P.</strong></span> <span class='ocrx_word' id='word_1_176' title='bbox 2067 2360 2249 2420; x_wconf 90' lang='lat' dir='ltr'><strong>Dola-</strong></span> 
     </span>
     <span class='ocr_line' id='line_1_23' title="bbox 218 2450 2248 2544; baseline -0.001 -26"><span class='ocrx_word' id='word_1_177' title='bbox 218 2456 417 2540; x_wconf 86' lang='lat' dir='ltr'><strong>bellae,</strong></span> <span class='ocrx_word' id='word_1_178' title='bbox 445 2485 634 2544; x_wconf 87' lang='lat' dir='ltr'><strong>quae,</strong></span> <span class='ocrx_word' id='word_1_179' title='bbox 662 2466 785 2524; x_wconf 89' lang='lat' dir='ltr'><strong>nisi</strong></span> <span class='ocrx_word' id='word_1_180' title='bbox 826 2464 1068 2543; x_wconf 89' lang='lat' dir='ltr'><strong>collega</strong></span> <span class='ocrx_word' id='word_1_181' title='bbox 1111 2463 1433 2539; x_wconf 81' lang='lat' dir='ltr'><strong>abfuisset,</strong></span> <span class='ocrx_word' id='word_1_182' title='bbox 1463 2450 1645 2522; x_wconf 80' lang='lat' dir='ltr'><strong>credo</strong></span> <span class='ocrx_word' id='word_1_183' title='bbox 1686 2461 1761 2520; x_wconf 91' lang='lat' dir='ltr'><strong>iis</strong></span> <span class='ocrx_word' id='word_1_184' title='bbox 1804 2461 2012 2519; x_wconf 90' lang='lat' dir='ltr'><strong>futura</strong></span> <span class='ocrx_word' id='word_1_185' title='bbox 2056 2458 2248 2516; x_wconf 87' lang='lat' dir='ltr'><strong>fuisse</strong></span> 
     </span>
     <span class='ocr_line' id='line_1_24' title="bbox 219 2552 2247 2639; baseline -0.005 -20"><span class='ocrx_word' id='word_1_186' title='bbox 219 2564 569 2622; x_wconf 82' lang='lat' dir='ltr'><strong>communia.</strong></span> <span class='ocrx_word' id='word_1_187' title='bbox 631 2563 795 2622; x_wconf 90' lang='lat' dir='ltr'><strong>Nam</strong></span> <span class='ocrx_word' id='word_1_188' title='bbox 822 2582 1010 2639; x_wconf 90' lang='lat' dir='ltr'><strong>quum</strong></span> <span class='ocrx_word' id='word_1_189' title='bbox 1040 2566 1319 2638; x_wconf 88' lang='lat' dir='ltr'><strong>serperet</strong></span> <span class='ocrx_word' id='word_1_190' title='bbox 1344 2560 1409 2617; x_wconf 90' lang='lat' dir='ltr'><strong>in</strong></span> <span class='ocrx_word' id='word_1_191' title='bbox 1438 2558 1653 2618; x_wconf 89' lang='lat' dir='ltr'><strong>urbem</strong></span> <span class='ocrx_word' id='word_1_192' title='bbox 1681 2556 1989 2614; x_wconf 89' lang='lat' dir='ltr'><strong>infinitum</strong></span> <span class='ocrx_word' id='word_1_193' title='bbox 2019 2552 2247 2611; x_wconf 89' lang='lat' dir='ltr'><strong>malum</strong></span> 
     </span>
     <span class='ocr_line' id='line_1_25' title="bbox 221 2649 2248 2733; baseline -0.004 -17"><span class='ocrx_word' id='word_1_194' title='bbox 221 2649 390 2731; x_wconf 83' lang='lat' dir='ltr'><strong>idque</strong></span> <span class='ocrx_word' id='word_1_195' title='bbox 436 2667 721 2719; x_wconf 89' lang='lat' dir='ltr'><strong>manaret</strong></span> <span class='ocrx_word' id='word_1_196' title='bbox 775 2660 840 2716; x_wconf 93' lang='lat' dir='ltr'><strong>in</strong></span> <span class='ocrx_word' id='word_1_197' title='bbox 888 2658 1026 2718; x_wconf 89' lang='lat' dir='ltr'><strong>dies</strong></span> <span class='ocrx_word' id='word_1_198' title='bbox 1080 2656 1286 2733; x_wconf 79' lang='lat' dir='ltr'><strong>latiuS,</strong></span> <span class='ocrx_word' id='word_1_199' title='bbox 1334 2656 1641 2732; x_wconf 88' lang='lat' dir='ltr'><strong>iidemque</strong></span> <span class='ocrx_word' id='word_1_200' title='bbox 1695 2652 1945 2712; x_wconf 89' lang='lat' dir='ltr'><strong>bustum</strong></span> <span class='ocrx_word' id='word_1_201' title='bbox 2001 2650 2068 2706; x_wconf 91' lang='lat' dir='ltr'><strong>in</strong></span> <span class='ocrx_word' id='word_1_202' title='bbox 2114 2649 2248 2707; x_wconf 90' lang='lat' dir='ltr'><strong>foro</strong></span> 
     </span>
     <span class='ocr_line' id='line_1_26' title="bbox 220 2748 2352 2834; baseline -0 -27"><span class='ocrx_word' id='word_1_203' title='bbox 220 2748 498 2833; x_wconf 80' lang='lat' dir='ltr'><strong>facerent,</strong></span> <span class='ocrx_word' id='word_1_204' title='bbox 552 2756 660 2834; x_wconf 91' lang='lat' dir='ltr'><strong>qui</strong></span> <span class='ocrx_word' id='word_1_205' title='bbox 705 2755 872 2814; x_wconf 66' lang='lat' dir='ltr'><strong>illam</strong></span> <span class='ocrx_word' id='word_1_206' title='bbox 918 2754 1294 2833; x_wconf 88' lang='lat' dir='ltr'><strong>insepultam</strong></span> <span class='ocrx_word' id='word_1_207' title='bbox 1352 2751 1733 2830; x_wconf 88' lang='lat' dir='ltr'><strong>sepulturam</strong></span> <span class='ocrx_word' id='word_1_208' title='bbox 1786 2748 2133 2820; x_wconf 87' lang='lat' dir='ltr'><strong>effecerant,</strong></span> <span class='ocrx_word' id='word_1_209' title='bbox 2183 2750 2249 2803; x_wconf 87' lang='lat' dir='ltr'><strong>et</strong></span> <span class='ocrx_word' id='word_1_210' title='bbox 2289 2760 2352 2806; x_wconf 82' lang='lat'><strong>25</strong></span> 
     </span>
     <span class='ocr_line' id='line_1_27' title="bbox 223 2841 2249 2932; baseline -0.004 -23"><span class='ocrx_word' id='word_1_211' title='bbox 223 2852 482 2924; x_wconf 89' lang='lat' dir='ltr'><strong>quotidie</strong></span> <span class='ocrx_word' id='word_1_212' title='bbox 511 2854 716 2932; x_wconf 88' lang='lat' dir='ltr'><strong>magis</strong></span> <span class='ocrx_word' id='word_1_213' title='bbox 745 2853 1061 2930; x_wconf 89' lang='lat' dir='ltr'><strong>magisque</strong></span> <span class='ocrx_word' id='word_1_214' title='bbox 1088 2851 1313 2928; x_wconf 79' lang='lat' dir='ltr'><strong>perditi</strong></span> <span class='ocrx_word' id='word_1_215' title='bbox 1353 2848 1631 2908; x_wconf 89' lang='lat' dir='ltr'><strong>homines</strong></span> <span class='ocrx_word' id='word_1_216' title='bbox 1659 2866 1798 2906; x_wconf 91' lang='lat' dir='ltr'><strong>cum</strong></span> <span class='ocrx_word' id='word_1_217' title='bbox 1827 2842 1925 2903; x_wconf 91' lang='lat' dir='ltr'><strong>sui</strong></span> <span class='ocrx_word' id='word_1_218' title='bbox 1953 2841 2249 2901; x_wconf 88' lang='lat' dir='ltr'><strong>similibus</strong></span> 
     </span>
     <span class='ocr_line' id='line_1_28' title="bbox 223 2940 2250 3027; baseline -0.004 -19"><span class='ocrx_word' id='word_1_219' title='bbox 223 2948 398 3007; x_wconf 78' lang='lat' dir='ltr'><strong>servis</strong></span> <span class='ocrx_word' id='word_1_220' title='bbox 444 2951 638 3012; x_wconf 90' lang='lat' dir='ltr'><strong>tectis</strong></span> <span class='ocrx_word' id='word_1_221' title='bbox 683 2971 755 3010; x_wconf 90' lang='lat' dir='ltr'><strong>ac</strong></span> <span class='ocrx_word' id='word_1_222' title='bbox 800 2948 1049 3027; x_wconf 91' lang='lat' dir='ltr'><strong>templis</strong></span> <span class='ocrx_word' id='word_1_223' title='bbox 1096 2947 1261 3007; x_wconf 87' lang='lat' dir='ltr'><strong>urbis</strong></span> <span class='ocrx_word' id='word_1_224' title='bbox 1305 2945 1760 3018; x_wconf 86' lang='lat' dir='ltr'><strong>minitarentur,</strong></span> <span class='ocrx_word' id='word_1_225' title='bbox 1798 2940 1941 3000; x_wconf 87' lang='lat' dir='ltr'><strong>talis</strong></span> <span class='ocrx_word' id='word_1_226' title='bbox 1986 2940 2250 2999; x_wconf 85' lang='lat' dir='ltr'><strong>animad-</strong></span> 
     </span>
     <span class='ocr_line' id='line_1_29' title="bbox 226 3039 2250 3123; baseline -0 -24"><span class='ocrx_word' id='word_1_227' title='bbox 226 3046 409 3106; x_wconf 81' lang='lat' dir='ltr'><strong>versio</strong></span> <span class='ocrx_word' id='word_1_228' title='bbox 451 3048 577 3107; x_wconf 88' lang='lat' dir='ltr'><strong>fuit</strong></span> <span class='ocrx_word' id='word_1_229' title='bbox 618 3046 980 3107; x_wconf 88' lang='lat' dir='ltr'><strong>Dolabellae</strong></span> <span class='ocrx_word' id='word_1_230' title='bbox 1010 3065 1199 3123; x_wconf 91' lang='lat' dir='ltr'><strong>quum</strong></span> <span class='ocrx_word' id='word_1_231' title='bbox 1245 3044 1306 3101; x_wconf 86' lang='lat' dir='ltr'><strong>in</strong></span> <span class='ocrx_word' id='word_1_232' title='bbox 1339 3042 1605 3102; x_wconf 89' lang='lat' dir='ltr'><strong>audaces</strong></span> <span class='ocrx_word' id='word_1_233' title='bbox 1651 3039 2103 3115; x_wconf 88' lang='lat' dir='ltr'><strong>sceleratosque</strong></span> <span class='ocrx_word' id='word_1_234' title='bbox 2131 3058 2250 3098; x_wconf 90' lang='lat' dir='ltr'><strong>ser-</strong></span> 
     </span>
     <span class='ocr_line' id='line_1_30' title="bbox 225 3137 2250 3222; baseline -0.001 -24"><span class='ocrx_word' id='word_1_235' title='bbox 225 3155 342 3216; x_wconf 79' lang='lat' dir='ltr'><strong>VOS,</strong></span> <span class='ocrx_word' id='word_1_236' title='bbox 382 3149 515 3204; x_wconf 92' lang='lat' dir='ltr'><strong>tum</strong></span> <span class='ocrx_word' id='word_1_237' title='bbox 567 3145 633 3202; x_wconf 91' lang='lat' dir='ltr'><strong>in</strong></span> <span class='ocrx_word' id='word_1_238' title='bbox 681 3145 954 3222; x_wconf 91' lang='lat' dir='ltr'><strong>impuros</strong></span> <span class='ocrx_word' id='word_1_239' title='bbox 997 3148 1063 3202; x_wconf 90' lang='lat' dir='ltr'><strong>et</strong></span> <span class='ocrx_word' id='word_1_240' title='bbox 1101 3140 1369 3201; x_wconf 87' lang='lat' dir='ltr'><strong>nefarios</strong></span> <span class='ocrx_word' id='word_1_241' title='bbox 1416 3138 1660 3214; x_wconf 78' lang='lat' dir='ltr'><strong>liberOS,</strong></span> <span class='ocrx_word' id='word_1_242' title='bbox 1701 3137 1965 3215; x_wconf 90' lang='lat' dir='ltr'><strong>talisque</strong></span> <span class='ocrx_word' id='word_1_243' title='bbox 2013 3137 2250 3197; x_wconf 88' lang='lat' dir='ltr'><strong>eversio</strong></span> 
     </span>
     <span class='ocr_line' id='line_1_31' title="bbox 229 3232 2355 3314; baseline -0.004 -19"><span class='ocrx_word' id='word_1_244' title='bbox 229 3232 376 3297; x_wconf 86' lang='lat' dir='ltr'><strong>illius</strong></span> <span class='ocrx_word' id='word_1_245' title='bbox 421 3247 780 3301; x_wconf 87' lang='lat' dir='ltr'><strong>exsecratae</strong></span> <span class='ocrx_word' id='word_1_246' title='bbox 828 3239 1165 3314; x_wconf 91' lang='lat' dir='ltr'><strong>columnae,</strong></span> <span class='ocrx_word' id='word_1_247' title='bbox 1210 3243 1282 3295; x_wconf 93' lang='lat' dir='ltr'><strong>ut</strong></span> <span class='ocrx_word' id='word_1_248' title='bbox 1328 3235 1481 3293; x_wconf 91' lang='lat' dir='ltr'><strong>mihi</strong></span> <span class='ocrx_word' id='word_1_249' title='bbox 1528 3235 1746 3293; x_wconf 90' lang='lat' dir='ltr'><strong>mirum</strong></span> <span class='ocrx_word' id='word_1_250' title='bbox 1793 3234 2074 3294; x_wconf 88' lang='lat' dir='ltr'><strong>videatur</strong></span> <span class='ocrx_word' id='word_1_251' title='bbox 2119 3239 2249 3291; x_wconf 92' lang='lat' dir='ltr'><strong>tam</strong></span> <span class='ocrx_word' id='word_1_252' title='bbox 2290 3241 2355 3287; x_wconf 84' lang='lat'><strong>30</strong></span> 
     </span>
     <span class='ocr_line' id='line_1_32' title="bbox 233 3332 1936 3415; baseline 0.001 -25"><span class='ocrx_word' id='word_1_253' title='bbox 233 3332 391 3394; x_wconf 85' lang='lat' dir='ltr'><strong>valde</strong></span> <span class='ocrx_word' id='word_1_254' title='bbox 417 3338 719 3415; x_wconf 89' lang='lat' dir='ltr'><strong>reliquum</strong></span> <span class='ocrx_word' id='word_1_255' title='bbox 746 3343 994 3415; x_wconf 90' lang='lat' dir='ltr'><strong>tempus</strong></span> <span class='ocrx_word' id='word_1_256' title='bbox 1022 3335 1100 3394; x_wconf 93' lang='lat' dir='ltr'><strong>ab</strong></span> <span class='ocrx_word' id='word_1_257' title='bbox 1130 3334 1238 3392; x_wconf 91' lang='lat' dir='ltr'><strong>illo</strong></span> <span class='ocrx_word' id='word_1_258' title='bbox 1265 3352 1390 3391; x_wconf 93' lang='lat' dir='ltr'><strong>uno</strong></span> <span class='ocrx_word' id='word_1_259' title='bbox 1419 3332 1521 3391; x_wconf 89' lang='lat' dir='ltr'><strong>die</strong></span> <span class='ocrx_word' id='word_1_260' title='bbox 1550 3332 1936 3392; x_wconf 89' lang='lat' dir='ltr'><strong>dissensisse.</strong></span> 
     </span>
    </p>

    <p class='ocr_par' dir='ltr' id='par_1_5' title="bbox 235 3425 2353 3896">
     <span class='ocr_line' id='line_1_33' title="bbox 340 3425 2249 3506; baseline -0.005 -16"><span class='ocrx_word' id='word_1_261' title='bbox 340 3431 492 3494; x_wconf 87' lang='lat' dir='ltr'><strong>Ecce</strong></span> <span class='ocrx_word' id='word_1_262' title='bbox 521 3435 689 3493; x_wconf 92' lang='lat' dir='ltr'><strong>enim</strong></span> <span class='ocrx_word' id='word_1_263' title='bbox 734 3433 1040 3493; x_wconf 87' lang='lat' dir='ltr'><strong>Kalendis</strong></span> <span class='ocrx_word' id='word_1_264' title='bbox 1083 3431 1302 3505; x_wconf 85' lang='lat' dir='ltr'><strong>Juniis,</strong></span> <span class='ocrx_word' id='word_1_265' title='bbox 1332 3429 1555 3506; x_wconf 88' lang='lat' dir='ltr'><strong>quibus</strong></span> <span class='ocrx_word' id='word_1_266' title='bbox 1583 3434 1655 3486; x_wconf 94' lang='lat' dir='ltr'><strong>ut</strong></span> <span class='ocrx_word' id='word_1_267' title='bbox 1699 3429 2055 3487; x_wconf 91' lang='lat' dir='ltr'><strong>adessemus</strong></span> <span class='ocrx_word' id='word_1_268' title='bbox 2084 3425 2249 3483; x_wconf 88' lang='lat' dir='ltr'><strong>edix-</strong></span> 
     </span>
     <span class='ocr_line' id='line_1_34' title="bbox 235 3523 2249 3605; baseline -0.005 -21"><span class='ocrx_word' id='word_1_269' title='bbox 235 3536 411 3605; x_wconf 78' lang='lat' dir='ltr'><strong>erant,</strong></span> <span class='ocrx_word' id='word_1_270' title='bbox 440 3537 677 3589; x_wconf 90' lang='lat' dir='ltr'><strong>mutata</strong></span> <span class='ocrx_word' id='word_1_271' title='bbox 721 3531 957 3589; x_wconf 86' lang='lat' dir='ltr'><strong>omnia:</strong></span> <span class='ocrx_word' id='word_1_272' title='bbox 1001 3527 1155 3586; x_wconf 89' lang='lat' dir='ltr'><strong>nihil</strong></span> <span class='ocrx_word' id='word_1_273' title='bbox 1197 3546 1311 3604; x_wconf 86' lang='lat' dir='ltr'><strong>per</strong></span> <span class='ocrx_word' id='word_1_274' title='bbox 1353 3532 1656 3599; x_wconf 90' lang='lat' dir='ltr'><strong>senatum,</strong></span> <span class='ocrx_word' id='word_1_275' title='bbox 1686 3523 1879 3582; x_wconf 86' lang='lat' dir='ltr'><strong>multa</strong></span> <span class='ocrx_word' id='word_1_276' title='bbox 1912 3528 1979 3580; x_wconf 95' lang='lat' dir='ltr'><strong>et</strong></span> <span class='ocrx_word' id='word_1_277' title='bbox 2021 3537 2249 3594; x_wconf 90' lang='lat' dir='ltr'><strong>magna</strong></span> 
     </span>
     <span class='ocr_line' id='line_1_35' title="bbox 238 3613 2251 3704; baseline -0.01 -16"><span class='ocrx_word' id='word_1_278' title='bbox 238 3637 334 3694; x_wconf 75' lang='lat' dir='ltr'><strong>Per</strong></span> <span class='ocrx_word' id='word_1_279' title='bbox 355 3626 666 3704; x_wconf 91' lang='lat' dir='ltr'><strong>populum,</strong></span> <span class='ocrx_word' id='word_1_280' title='bbox 697 3633 763 3686; x_wconf 91' lang='lat' dir='ltr'><strong>et</strong></span> <span class='ocrx_word' id='word_1_281' title='bbox 791 3626 1049 3686; x_wconf 88' lang='lat' dir='ltr'><strong>absente</strong></span> <span class='ocrx_word' id='word_1_282' title='bbox 1076 3621 1308 3702; x_wconf 89' lang='lat' dir='ltr'><strong>populo</strong></span> <span class='ocrx_word' id='word_1_283' title='bbox 1336 3629 1402 3682; x_wconf 90' lang='lat' dir='ltr'><strong>et</strong></span> <span class='ocrx_word' id='word_1_284' title='bbox 1429 3622 1639 3681; x_wconf 85' lang='lat' dir='ltr'><strong>invito.</strong></span> <span class='ocrx_word' id='word_1_285' title='bbox 1725 3615 2022 3678; x_wconf 87' lang='lat' dir='ltr'><strong>Consules</strong></span> <span class='ocrx_word' id='word_1_286' title='bbox 2050 3613 2251 3689; x_wconf 86' lang='lat' dir='ltr'><strong>desig-</strong></span> 
     </span>
     <span class='ocr_line' id='line_1_36' title="bbox 238 3707 2353 3802; baseline -0.004 -30"><span class='ocrx_word' id='word_1_287' title='bbox 238 3720 356 3778; x_wconf 90' lang='lat' dir='ltr'><strong>nati</strong></span> <span class='ocrx_word' id='word_1_288' title='bbox 379 3723 696 3802; x_wconf 85' lang='lat' dir='ltr'><strong>negabant</strong></span> <span class='ocrx_word' id='word_1_289' title='bbox 723 3742 792 3782; x_wconf 91' lang='lat' dir='ltr'><strong>se</strong></span> <span class='ocrx_word' id='word_1_290' title='bbox 820 3722 1049 3781; x_wconf 88' lang='lat' dir='ltr'><strong>audere</strong></span> <span class='ocrx_word' id='word_1_291' title='bbox 1076 3721 1142 3778; x_wconf 90' lang='lat' dir='ltr'><strong>in</strong></span> <span class='ocrx_word' id='word_1_292' title='bbox 1171 3724 1455 3779; x_wconf 90' lang='lat' dir='ltr'><strong>senatum</strong></span> <span class='ocrx_word' id='word_1_293' title='bbox 1482 3717 1727 3789; x_wconf 85' lang='lat' dir='ltr'><strong>venire3</strong></span> <span class='ocrx_word' id='word_1_294' title='bbox 1769 3710 2010 3789; x_wconf 88' lang='lat' dir='ltr'><strong>patriae</strong></span> <span class='ocrx_word' id='word_1_295' title='bbox 2038 3707 2251 3767; x_wconf 89' lang='lat' dir='ltr'><strong>libera-</strong></span> <span class='ocrx_word' id='word_1_296' title='bbox 2290 3724 2353 3770; x_wconf 78' lang='lat'><strong>35</strong></span> 
     </span>
     <span class='ocr_line' id='line_1_37' title="bbox 242 3804 2250 3896; baseline -0.004 -24"><span class='ocrx_word' id='word_1_297' title='bbox 242 3815 384 3877; x_wconf 78' lang='lat' dir='ltr'><strong>tores</strong></span> <span class='ocrx_word' id='word_1_298' title='bbox 432 3819 583 3880; x_wconf 91' lang='lat' dir='ltr'><strong>urbe</strong></span> <span class='ocrx_word' id='word_1_299' title='bbox 623 3819 916 3880; x_wconf 87' lang='lat' dir='ltr'><strong>carebant</strong></span> <span class='ocrx_word' id='word_1_300' title='bbox 958 3837 1051 3894; x_wconf 91' lang='lat' dir='ltr'><strong>ea,</strong></span> <span class='ocrx_word' id='word_1_301' title='bbox 1081 3817 1256 3896; x_wconf 80' lang='lat' dir='ltr'><strong>cujus</strong></span> <span class='ocrx_word' id='word_1_302' title='bbox 1303 3836 1341 3873; x_wconf 90' lang='lat' dir='ltr'><strong>a</strong></span> <span class='ocrx_word' id='word_1_303' title='bbox 1390 3811 1727 3874; x_wconf 88' lang='lat' dir='ltr'><strong>cervicibus</strong></span> <span class='ocrx_word' id='word_1_304' title='bbox 1766 3808 1985 3886; x_wconf 87' lang='lat' dir='ltr'><strong>jugum</strong></span> <span class='ocrx_word' id='word_1_305' title='bbox 2029 3804 2250 3866; x_wconf 87' lang='lat' dir='ltr'><strong>servile</strong></span> 
     </span>
    </p>
   </div>
  </div>
 </body>
</html>
