2725 4299
853 315 982 364 PRO
1030 314 1284 364 ARCHIA
1328 313 1547 366 POETA
1592 315 1851 367 ORATIO.
2347 319 2425 382 57

259 497 455 557 quum
485 477 546 538 ei
572 476 853 537 libellum
883 477 1081 537 malus
1124 484 1313 555 poeta
1341 478 1420 538 de
1461 479 1695 558 populo
1736 479 2123 560 subjecisset,
2153 480 2320 557 quod

261 576 651 654 epigramma
693 575 757 632 in
786 594 926 633 eum
969 574 1221 633 fecisset
1262 581 1507 633 tantum
1547 577 1732 636 modo
1766 575 2019 636 alternis
2047 576 2322 636 versibus

261 671 692 751 longiuscuIiS,
722 672 941 730 statim
969 691 1048 731 ex
1073 672 1150 729 iis
1176 671 1381 748 rebuS,
1403 692 1556 749 quas
1585 679 1718 731 tum
1748 673 2077 749 vendebat,
2104 674 2320 753 jubere

262 771 325 830 ei
349 769 697 849 praemium
712 768 926 846 tribui,
949 769 1061 828 sed
1082 788 1158 828 ea
1179 768 1558 845 condicione,
1585 787 1663 827 nc
1686 770 1835 847 quid
1862 776 2082 848 postea
2103 772 2322 831 scribe·

263 873 380 927 ret.
488 863 615 939 Qui
659 865 1057 924 sedulitatem
1112 864 1256 923 mali
1299 872 1524 943 poetae
1570 865 1819 924 duxerit
1861 866 2069 945 aliquo
2111 873 2317 926 tamen
2347 881 2375 925 5

263 962 543 1042 praemio
571 962 846 1040 dignam,
873 961 1059 1042 hujus
1102 961 1422 1040 ingenium
1466 968 1533 1021 et
1560 962 1859 1022 virtutem
1897 965 1963 1022 in
2001 965 2321 1025 scribendo

265 1068 335 1121 et
360 1059 599 1137 copiam
631 1079 756 1118 non
783 1060 1125 1137 expetisset
1147 1060 1178 1119 Ῥ
1259 1057 1447 1135 Quid,
1470 1079 1508 1117 a
1528 1057 1602 1132 Q.
1628 1059 1886 1121 Metello
1912 1060 2050 1138 Pio,
2071 1062 2322 1123 familia-

263 1156 510 1215 rissimo
541 1176 675 1232 suo,
696 1156 802 1233 qui
829 1156 1085 1216 civitate
1107 1154 1336 1214 multos
1358 1156 1637 1232 donavit,
1657 1176 1859 1235 neque
1886 1178 1999 1236 per
2025 1178 2093 1219 se
2120 1179 2321 1238 neque

264 1273 381 1333 per
422 1252 714 1312 Lucullos
758 1253 1222 1330 impetravisset
1241 1253 1272 1312 Ῥ
1320 1253 1425 1330 qui
1474 1255 1838 1331 praesertim
1881 1276 2077 1334 usque
2121 1276 2197 1317 eo
2240 1258 2318 1319 de

266 1350 398 1409 suis
442 1348 626 1408 rebus
669 1349 850 1409 scribi
886 1354 1161 1427 cuperet,
1189 1355 1264 1407 ut
1307 1349 1494 1408 etiam
1526 1349 1849 1412 Cordubae
1889 1354 2052 1413 natis
2094 1355 2316 1432 poetis,
2347 1363 2409 1410 10

265 1447 506 1526 pingue
534 1446 824 1524 quiddam
852 1445 1217 1506 sonantibus
1247 1452 1437 1524 atque
1466 1449 1875 1528 peregrinum,
1903 1457 2111 1511 tamen
2140 1471 2318 1513 aures

267 1564 415 1603 suas
443 1544 700 1604 dederit.

389 1639 503 1701 XI.
549 1640 771 1717 Neque
800 1640 963 1700 enim
993 1648 1092 1701 est
1118 1641 1235 1701 hoc
1263 1641 1788 1721 dissimulandum,
1816 1645 1982 1723 quod
2009 1645 2319 1706 obscurari

266 1758 393 1797 non
414 1744 648 1815 potest,
670 1738 780 1798 sed
799 1758 947 1816 prae
967 1739 1146 1798 nobis
1168 1740 1485 1799 ferendum
1509 1762 1526 1817 ;
1555 1741 1855 1799 trahimur
1874 1761 2086 1801 omnes
2108 1742 2318 1801 studio

267 1835 470 1894 laudis
497 1841 564 1894 et
591 1835 864 1912 optimus
895 1836 1158 1914 quisque
1184 1838 1449 1896 maxime
1489 1836 1690 1915 gloria
1717 1838 1975 1898 ducitur.
2058 1836 2192 1916 Ipsi
2229 1837 2320 1897 illi
2346 1845 2407 1893 15

267 1931 621 2011 philosophi
642 1932 830 1991 etiam
852 1932 917 1990 in
944 1932 1069 1993 illis
1090 1933 1331 2010 libellis,
1360 1953 1517 2011 quos
1539 1934 1617 1993 de
1646 1935 2094 1994 contemnenda
2119 1934 2317 2012 gloria

269 2028 567 2104 scribunt,
597 2048 822 2088 nomen
864 2049 1042 2088 suum
1071 2031 1453 2106 inscribunt;
1497 2031 1560 2088 in
1591 2050 1667 2090 eo
1708 2031 1866 2108 ipso,
1892 2031 1955 2090 in
1986 2051 2109 2109 quo
2149 2051 2320 2111 prae·

269 2125 643 2186 dicationem
689 2127 1202 2206 nobilitatemque
1240 2127 1609 2206 despiciunt,
1637 2128 1974 2206 praedicari
2019 2129 2097 2190 de
2137 2151 2206 2191 se
2246 2151 2318 2192 ac

267 2224 574 2284 nominari
601 2224 833 2286 volunt.
919 2226 1212 2286 Decimus
1252 2225 1503 2303 quidem
1543 2225 1796 2302 BrutuS,
1825 2246 2095 2286 summus
2122 2228 2214 2288 vir
2254 2235 2320 2288 et

270 2323 625 2401 imperator,
655 2320 844 2401 Attii,
874 2324 1227 2383 amicissimi
1268 2324 1384 2399 sui,
1427 2324 1795 2383 carminibus
1839 2325 2209 2403 templorum
2247 2347 2318 2386 ac
2345 2333 2408 2378 20

269 2428 807 2481 monumentorum
856 2423 1062 2481 aditus
1109 2420 1430 2480 exornavit
1474 2440 1737 2481 suorum.
1821 2420 1962 2480 Jam
2004 2443 2150 2482 vero
2193 2423 2316 2499 ille,

269 2522 378 2597 qui
407 2541 548 2580 cum
570 2519 817 2581 Aetolis
847 2520 1049 2579 Ennio
1076 2518 1301 2578 comite
1329 2516 1607 2594 bellavit,
1628 2517 1905 2594 FulviuS,
1928 2539 2050 2576 non
2079 2518 2318 2578 dubita-

268 2617 363 2676 vit
389 2617 613 2677 Martis
645 2619 966 2677 manubias
996 2616 1195 2676 Musis
1224 2635 1596 2675 consecrare.
1682 2612 1905 2688 Quare,
1929 2615 1991 2672 in
2019 2635 2140 2692 qua
2167 2616 2318 2676 urbe

269 2715 673 2793 imperatores
715 2736 909 2795 prope
939 2715 1157 2774 armati
1183 2719 1507 2792 poetarum
1533 2731 1758 2770 nomen
1787 2716 1853 2768 et
1879 2709 2193 2768 Musarum
2220 2712 2320 2772 de·

268 2801 448 2872 lubra
477 2813 815 2889 coluerunt,
836 2814 900 2871 in
930 2834 1004 2873 ea
1031 2832 1154 2872 non
1186 2811 1420 2870 debent
1446 2808 1649 2886 togati
1673 2806 1914 2887 judices
1943 2826 1979 2864 a
2005 2806 2317 2867 Musarum
2345 2816 2407 2862 25

270 2907 505 2969 honore
536 2916 605 2969 et
631 2928 669 2968 a
696 2915 1014 2987 poetarum
1043 2909 1245 2968 salute
1275 2906 1617 2966 abhorrere.

393 3004 611 3084 Atque
640 3014 712 3064 ut
738 3006 803 3064 id
829 3005 1123 3066 libentius
1154 3005 1419 3081 faciatiS,
1447 3004 1574 3083 jam
1600 3021 1700 3062 me
1728 3001 1923 3078 vobis,
1951 3001 2207 3081 judiceS,
2235 3003 2320 3104 in:

268 3103 493 3163 dicabo
523 3110 588 3162 et
616 3104 692 3163 de
713 3122 851 3162 meo
878 3104 1145 3181 quodam
1175 3122 1382 3161 amore
1411 3099 1665 3180 gloriae,
1687 3099 1867 3158 nimis
1887 3100 2011 3158 acri
2039 3100 2320 3178 fortasse,

268 3220 486 3260 verum
514 3206 722 3260 tamen
759 3200 1040 3275 honesto,
1062 3189 1243 3259 ⁴vobis
1271 3198 1623 3259 confitebor.
1709 3197 1873 3255 Nam
1901 3217 2054 3275 quas
2082 3219 2178 3258 res
2206 3219 2320 3259 nos

269 3298 338 3355 in
367 3296 689 3357 consulatu
730 3303 941 3357 nostro
969 3298 1285 3358 vobiscum
1330 3295 1510 3354 simul
1554 3316 1665 3374 pro
1694 3294 1893 3354 salute
1934 3294 2120 3374 hujus
2152 3296 2317 3354 urbis
2343 3302 2409 3350 30

269 3401 460 3472 atque
489 3394 731 3471 imperii
760 3402 823 3453 et
852 3414 964 3472 pro
993 3384 1123 3453 vita
1151 3393 1377 3453 civium
1405 3411 1638 3470 proque
1668 3393 1953 3452 universa
1980 3413 2046 3451 re
2074 3391 2318 3469 publica

270 3492 602 3569 gessimus,
624 3491 839 3569 attigit
863 3490 963 3550 hic
984 3490 1260 3550 versibus
1290 3496 1478 3567 atque
1508 3488 1859 3550 inchoavit:
1904 3488 2126 3565 quibus
2153 3487 2320 3545 audi·

269 3588 375 3663 tis,
404 3587 571 3664 quod
600 3588 752 3645 mihi
784 3574 1011 3666 magna
1039 3608 1137 3646 res
1166 3591 1232 3646 et
1269 3586 1544 3665 jucunda
1571 3587 1706 3644 visa
1733 3591 1849 3660 est,
1879 3583 2042 3641 hunc
2070 3583 2150 3641 ad
2188 3601 2321 3659 per-

270 3682 603 3743 ficiendum
632 3684 992 3743 adhortatus
1019 3703 1172 3743 sum.
1258 3681 1514 3741 Nullam
1542 3683 1708 3741 enim
1733 3682 1931 3740 virtus
1960 3678 2144 3736 aliam
2172 3698 2320 3738 mer·

271 3780 487 3839 cedem
515 3778 794 3837 laborum
820 3779 1349 3858 periculorumque
1379 3778 1693 3836 desiderat
1732 3779 1979 3853 praeter
2004 3771 2163 3835 hanc
2192 3775 2318 3834 lau·
2343 3785 2405 3832 35

272 3876 371 3935 dis
399 3882 466 3935 et
493 3875 765 3953 gloriae:
810 3895 932 3952 qua
959 3875 1207 3953 quidem
1234 3874 1533 3947 detracta,
1561 3872 1817 3950 judices,
1846 3869 1994 3945 quid
2024 3878 2122 3930 est
2149 3874 2316 3949 quod
