2725 4299
740 270 829 320 DE
874 270 1152 320 IMPERIO
1200 271 1300 321 CN.
1335 272 1612 321 POMPEII
1657 273 1915 322 ORATIO.
2329 275 2406 333 69

250 438 514 514 pei-avit,
531 454 703 512 vquae
743 454 843 493 res
870 441 970 494 est
996 454 1156 512 quae
1185 435 1546 514 cujusquam
1574 435 1841 493 animum
1869 436 1930 492 in
1975 434 2090 494 hac
2119 454 2304 494 causa

251 532 510 591 dubium
551 533 762 591 facere
800 532 1005 609 possit
1026 534 1055 591 ?
1136 531 1278 610 Ego
1306 533 1471 591 enim
1513 532 1602 591 sic
1629 533 1939 607 existimo,
1967 533 2030 590 in
2065 553 2302 592 summo

251 630 627 707 imperatore
655 634 949 706 quattuor
986 628 1100 687 has
1126 649 1228 692 res
1252 630 1457 689 inesse
1484 635 1804 707 oportere:
1848 630 2171 688 scientiam
2213 631 2301 690 rei

251 725 559 800 militariS,
591 724 908 800 virtutem,
950 725 1406 800 auctoritatem,
1449 725 1829 785 felicitatem.
1913 724 2067 798 Quis
2110 728 2302 804 igitur

250 822 369 881 hoc
410 821 660 881 homine
688 822 983 880 scientior
1007 842 1277 899 unquam
1307 829 1419 880 aut
1443 822 1563 880 fuit
1589 828 1701 880 aut
1728 842 1865 882 esse
1893 822 2107 883 debuit
2127 826 2157 884 ⁶?
2197 825 2301 901 qui
2329 837 2356 880 5

254 939 289 977 e
315 918 465 977 ludo
495 924 685 995 atque
725 918 1025 995 pueritiae
1053 918 1413 996 disciplinis,
1442 918 1607 978 bello
1634 919 1905 978 maximo
1933 929 2118 996 atque
2146 941 2304 980 acer·

251 1016 428 1073 rimis
475 1014 781 1089 hostibuS,
811 1015 890 1072 ad
932 1015 1126 1091 patris
1168 1016 1506 1074 exercitum
1547 1023 1734 1093 atque
1779 1016 1842 1072 in
1886 1015 2145 1075 militiae
2185 1017 2305 1075 dis-

253 1112 543 1190 ciplinam
585 1112 896 1187 profectus
925 1117 1061 1186 est3
1104 1112 1211 1189 qui
1239 1117 1518 1171 extrema
1552 1112 1817 1189 pueritia
1842 1111 2019 1171 miles
2046 1113 2108 1169 in
2138 1133 2306 1172 exer·

254 1211 387 1267 citu
428 1209 549 1266 fuit
593 1208 816 1266 summi
860 1208 1269 1285 imperatoris,
1295 1208 1552 1267 ineunte
1597 1197 2013 1268 adolescentia
2054 1210 2303 1267 maximi

252 1306 390 1384 ipse
436 1304 745 1364 exercitus
787 1305 1158 1382 imperator;
1202 1305 1308 1388 qui
1346 1304 1595 1382 saepius
1623 1324 1762 1364 cum
1806 1305 1987 1364 hoste
2029 1306 2304 1365 conflixit
2333 1317 2393 1362 10

256 1422 444 1481 quam
471 1402 793 1479 quisquam
835 1422 971 1460 cum
997 1401 1244 1460 inimico
1271 1402 1668 1478 concertavit,
1696 1402 1874 1480 plura
1901 1401 2064 1461 bella
2102 1405 2305 1481 gessit

256 1519 445 1577 quam
472 1499 667 1558 ceteri
706 1498 1015 1577 legerunt,
1042 1497 1251 1576 plures
1291 1498 1639 1576 provincias
1680 1500 1945 1558 confecit
1970 1519 2152 1577 quam
2195 1500 2304 1557 alii

256 1595 741 1674 concupiverunt
763 1616 780 1671 ;
825 1596 999 1675 cujus
1021 1594 1440 1655 adolescentia
1462 1596 1542 1654 ad
1570 1596 1889 1655 scientiam
1910 1598 1999 1656 rei
2025 1597 2305 1656 militaris

255 1714 382 1753 non
409 1692 632 1753 alienis
675 1693 1023 1771 praeceptis
1064 1693 1178 1752 sed
1218 1693 1348 1752 suis
1380 1692 1675 1771 imperiiS‚
1703 1713 1827 1752 non
1868 1694 2306 1752 offensionibus

256 1790 406 1851 belli
436 1791 549 1850 sed
577 1790 873 1865 victoriis,
902 1810 1027 1849 non
1055 1790 1380 1867 stipendiis
1410 1789 1521 1849 sed
1557 1788 1892 1867 triumphis
1921 1796 2019 1848 est
2046 1791 2302 1849 erudita.
2335 1800 2394 1846 15

259 1886 441 1961 Quod
471 1887 737 1965 denique
764 1906 966 1965 genus
993 1906 1130 1946 esse
1172 1886 1322 1946 belli
1354 1891 1590 1964 potest,
1618 1886 1682 1942 in
1709 1904 1832 1962 quo
1857 1884 2028 1943 illum
2057 1906 2180 1944 non
2208 1906 2308 1945 ex-

259 1969 526 2044 ercuerit
570 1984 815 2042 fortuna
858 1984 949 2041 rei
993 1983 1279 2061 publicae
1300 1985 1329 2042 ?
1416 1980 1634 2057 Civile,
1676 1979 2054 2057 Africanum,
2094 1982 2309 2041 Trans-

258 2080 554 2159 alpinum,
610 2079 1050 2159 Hispaniense,
1104 2081 1366 2137 mixtum
1433 2099 1511 2137 ex
1566 2078 1920 2138 civitatibus
1973 2084 2159 2157 atque
2228 2099 2308 2139 ex

259 2178 742 2238 bellicosissimis
782 2178 1155 2253 nationibuS,
1198 2176 1438 2252 servile,
1479 2176 1698 2236 navale
1746 2175 1994 2252 bellum,
2037 2178 2200 2235 varia
2241 2184 2307 2237 et

259 2278 508 2338 diversa
548 2296 777 2356 genera
805 2282 871 2334 et
898 2275 1196 2335 bellorum
1226 2281 1290 2334 et
1317 2274 1608 2350 hostium,
1636 2294 1760 2333 non
1791 2273 1986 2333 solum
2028 2281 2207 2352 gesta
2229 2276 2306 2333 ab
2334 2283 2399 2329 20

257 2375 376 2434 hoc
418 2394 562 2450 un0,
593 2374 703 2433 sed
731 2373 918 2432 etiam
948 2373 1248 2447 confecta,
1277 2371 1509 2429 nullam
1548 2392 1678 2431 rem
1720 2391 1860 2430 esse
1886 2370 2202 2430 declarant
2242 2371 2307 2429 in

257 2493 376 2531 usu
427 2471 697 2549 positam
752 2469 1022 2545 militari,
1079 2488 1237 2546 quae
1303 2468 1491 2548 hujus
1545 2468 1662 2529 viri
1716 2467 2038 2527 scientiam
2092 2468 2307 2545 fugere

257 2571 475 2649 possit.

313 2729 321 2739 ,
380 2666 495 2725 XI.
540 2664 582 2723 J
582 2684 679 2722 am
707 2684 852 2724 vero
877 2663 1093 2723 virtuti
1123 2662 1231 2723 Cn.
1258 2662 1538 2740 Pompeii
1557 2680 1717 2739 quae
1743 2666 1953 2738 potest
1977 2660 2171 2719 oratio
2197 2680 2309 2737 par

258 2762 581 2823 inveniri?
663 2759 826 2833 Quid
873 2766 970 2820 est
1014 2759 1179 2837 quod
1223 2759 1548 2837 quisquam
1594 2763 1706 2815 aut
1748 2755 1856 2814 illo
1897 2756 2152 2833 dignum
2201 2762 2309 2814 aut
2334 2765 2397 2811 25

256 2862 440 2921 vobis
466 2879 696 2918 novum
719 2870 828 2915 aut
848 2857 1123 2935 cuiquam
1148 2856 1496 2915 inauditum
1524 2854 1724 2933 possit
1745 2854 1957 2913 afferre
1977 2855 2007 2914 1³
2087 2852 2307 2930 Neque

150 2999 158 3005 -
258 2959 424 3018 enim
475 2955 623 3014 illae
678 2960 823 3013 sunt
877 2954 1045 3013 solae
1093 2954 1358 3014 virtutes
1407 2951 1862 3030 imperatoriae,
1911 2970 2068 3028 quae
2115 2949 2307 3030 vulgo

257 3055 716 3126 existimantur,
744 3050 916 3110 labor
939 3051 1005 3109 in
1032 3051 1326 3129 negotiis,
1354 3050 1657 3109 fortitudo
1683 3050 1749 3107 in
1775 3049 2077 3126 periculis,
2104 3049 2308 3109 indus-

256 3151 378 3210 tria
423 3151 492 3207 in
537 3148 800 3226 agendO,
839 3147 1122 3207 celeritas
1166 3148 1232 3204 in
1276 3146 1675 3221 conficiend0‚
1706 3145 2020 3205 consilium
2065 3146 2129 3203 in
2172 3167 2309 3224 pro-

172 3262 177 3265 “
258 3245 572 3320 vidend03
614 3264 772 3322 quae
806 3252 986 3302 tanta
1030 3250 1178 3302 sunt
1218 3243 1284 3301 in
1328 3242 1446 3302 hoc
1485 3263 1628 3318 uno,
1656 3249 1888 3320 quanta
1914 3244 1980 3301 in
2022 3244 2306 3302 omnibus
2334 3253 2399 3299 30

258 3343 516 3420 reliquis
543 3340 1034 3419 imperatoribuS‚
1057 3359 1210 3417 quos
1240 3346 1349 3398 aut
1368 3339 1635 3399 vidimus
1663 3346 1774 3398 aut
1801 3340 2162 3417 audivimus,
2183 3361 2306 3399 non

179 3507 194 3518 ι
260 3442 534 3499 fuerunt.
1216 3448 1218 3453 ’

384 3535 593 3594 Testis
636 3539 734 3593 est
778 3533 978 3609 Italia,
1006 3553 1188 3611 quam
1231 3532 1339 3592 ille
1362 3533 1519 3610 ipse
1558 3533 1761 3592 victor
1799 3532 1869 3592 L.
1915 3530 2084 3591 Sulla
2122 3528 2306 3606 hujus

261 3633 497 3692 virtute
546 3637 613 3689 et
661 3629 935 3689 subsidio
983 3631 1297 3689 confessus
1351 3635 1451 3687 est
1503 3628 1840 3688 liberatam.
1950 3624 2155 3684 Testis
2209 3630 2308 3682 est

264 3727 490 3802 Sicilia,
519 3746 703 3803 quam
746 3725 958 3784 multis
997 3725 1268 3803 undique
1296 3724 1565 3784 cinctam
1605 3722 1890 3803 periculis
1923 3738 2047 3777 non
2075 3724 2304 3780 terrore
2334 3730 2394 3776 35

264 3824 435 3900 belli,
464 3823 578 3883 secl
617 3821 856 3882 consilii
898 3821 1218 3882 celeritate
1262 3820 1612 3899 explicavit.
1696 3816 1900 3876 Testis
1942 3819 2040 3876 est
2076 3811 2305 3891 Africa,
