2725 4299
622 292 710 341 DE
758 293 1030 342 IMPERIO
1076 293 1178 343 CN.
1213 292 1488 342 Pom’m
1534 293 1791 343 ORATIO.
2203 296 2279 355 81

179 477 240 516 ne
283 454 561 534 judicium
612 455 947 535 populique
1001 455 1265 515 Romani
1322 456 1754 515 auctoritatem
1808 454 2178 533 improbari3

176 552 492 631 praesertim
536 571 724 629 quum
766 553 894 631 jam
939 572 1052 611 suo
1098 553 1236 631 jure
1279 552 1548 631 populus
1592 551 1907 611 Romanus
1950 551 2017 609 in
2062 550 2179 611 hoc

175 649 385 708 homine
412 667 580 707 suam
610 649 1045 708 auctoritatem
1065 647 1166 709 vel
1192 656 1406 708 contra
1426 668 1641 708 omnes
1669 649 1776 726 qui
1804 648 2181 707 dissentiunt

171 746 341 822 possit
358 745 685 805 defendere
708 766 724 821 3
764 751 1091 823 propterea
1112 746 1279 823 quod
1300 746 1521 804 iisdem
1544 745 1685 803 istis
1706 743 2178 804 reclamantibus

170 862 258 902 vos
293 861 470 900 unum
513 841 694 900 illum
736 862 814 902 ex
858 839 1143 901 omnibus
1186 841 1532 920 delegistiS,
1575 861 1759 919 quem
1803 840 1966 901 bello
2008 861 2178 919 prae-
2205 857 2232 899 5

170 940 364 997 donum
404 939 884 1017 praeponeretis,
988 937 1127 996 Hoc
1169 939 1221 996 si
1263 957 1377 997 vos
1424 944 1661 996 temere
1701 937 1933 996 fecistis
1981 944 2047 996 et
2091 937 2180 995 rei

167 1034 415 1113 publicae
459 1055 679 1113 parum
723 1031 1137 1110 consuluistiS,
1179 1040 1348 1093 recte
1392 1033 1501 1091 isti
1551 1033 1759 1091 studia
1802 1039 2008 1094 vestra
2054 1032 2182 1092 suis

167 1130 402 1190 consiliis
443 1151 664 1210 regere
708 1136 1046 1206 conantur3
1090 1131 1189 1189 sin
1234 1136 1442 1188 autem
1486 1148 1599 1188 vos
1647 1129 1788 1206 plus
1836 1134 1969 1186 tum
2008 1129 2073 1186 in
2116 1147 2183 1187 re

166 1227 382 1304 publica
424 1228 689 1304 vidistis,
728 1248 842 1288 vos
886 1226 985 1285 his
1039 1224 1531 1304 repugnantibus
1579 1245 1693 1303 per
1733 1232 1973 1286 vosmet
1996 1224 2182 1302 -ipsos

165 1324 501 1401 dignitatem
544 1325 693 1384 huic
736 1324 1013 1402 imperio,
1042 1322 1312 1382 salutem·
1339 1320 1478 1382 orbi
1519 1328 1816 1381 terrarum
1857 1321 2180 1399 attulistis,
2211 1336 2273 1383 10

166 1420 456 1499 aliquando
496 1422 609 1480 isti
661 1422 968 1500 principes
1015 1427 1082 1480 et
1121 1420 1239 1480 sibi
1278 1426 1344 1479 et
1387 1421 1608 1480 ceteris
1652 1419 1872 1498 populi
1912 1420 2182 1479 ’Romani

165 1518 402 1577 universi
428 1519 791 1578 auctoritati
820 1517 1163 1596 parendum
1191 1535 1327 1576 esse
1358 1517 1685 1576 fateantur.

263 1611 464 1692 Atque
491 1615 560 1674 in
588 1616 707 1674 hoc
734 1615 900 1675 bello
921 1611 1205 1674 Asiatico
1233 1620 1299 1673 et
1324 1615 1502 1691 regio
1523 1633 1646 1672 non
1677 1612 1873 1672 solum
1900 1613 2184 1672 militaris

165 1709 251 1769 illa
266 1713 468 1788 virtuS‚
492 1732 659 1791 quae
685 1720 784 1772 est
811 1713 875 1770 in
899 1711 1008 1772 On.
1033 1710 1335 1789 Pompeio
1366 1711 1712 1789 singulariS‚
1733 1711 1844 1770 sed
1866 1711 2023 1771 aliae
2044 1730 2187 1787 quo-

168 1825 268 1884 que
290 1808 544 1869 virtutes
578 1810 778 1869 -animi
806 1829 1073 1887 magnae
1102 1815 1168 1868 et
1195 1808 1431 1866 multae
1474 1808 1882 1884 requiruntur.
1967 1807 2186 1865 Diffici-
2215 1818 2277 1865 16

168 1901 215 1962 le
237 1911 326 1963 est
349 1905 410 1963 in
438 1904 624 1983 Asia,
655 1905 887 1982 Cilicia,
919 1905 1099 1985 Syria
1125 1906 1453 1984 regnisque
1482 1904 1841 1963 interiorum
1867 1904 2185 1962 nationum

169 1999 244 2059 ita
257 2004 474 2062 versari
502 2010 783 2064 nostrum
814 2006 1260 2082 imperatorem,
1283 2011 1353 2061 ut
1383 2001 1537 2059 nihil
1565 2000 1731 2059 aliud
1759 2001 1875 2059 nisi
1903 2001 1980 2060 de
2008 2000 2188 2061 hoste

170 2115 228 2156 ac
248 2098 318 2159 de
357 2099 538 2162 laude
568 2103 821 2181 cogitet.
906 2101 1149 2163 Deinde
1193 2100 1383 2161 etiam
1422 2098 1608 2177 siqui
1652 2104 1797 2158 sunt
1841 2098 2072 2176 pudore
2117 2118 2188 2159 ac

170 2204 547 2281 temperantia
613 2200 1071 2274 moderatiores,
1120 2206 1327 2257 tamen
1377 2217 1484 2256 eos
1533 2214 1672 2255 esse
1726 2195 1885 2255 tales
1937 2203 2192 2274 propter

172 2300 597 2364 multitudinem
639 2299 999 2378 cupidorum
1038 2295 1355 2354 hominum
1397 2313 1577 2353 nemo
1619 2293 1960 2354 arbitratur.
2061 2293 2191 2351 Dif-
2215 2301 2278 2351 20

172 2394 303 2458 ficile
330 2407 423 2459 est
450 2401 647 2475 dictu,
677 2396 974 2471 QuiriteS‚
1004 2398 1236 2471 quanto
1265 2393 1328 2449 in
1355 2392 1498 2450 odio
1525 2391 1714 2450 simus
1751 2391 1916 2468 apud
1945 2397 2190 2450 exteras

171 2494 420 2556 nationes
446 2502 704 2575 propter
732 2514 962 2568 eorum,
991 2510 1144 2569 quos
1173 2489 1253 2549 ad
1282 2508 1389 2547 eas
1415 2507 1527 2565 per
1554 2488 1667 2546 hos
1696 2507 1889 2545 annos
1917 2507 2052 2545 cum
2084 2487 2192 2544 im-

171 2591 316 2663 perio
361 2592 662 2667 misimuS‚
710 2590 998 2650 libidines
1049 2593 1115 2645 et
1170 2585 1442 2664 injurias,
1531 2581 1712 2655 Quod
1762 2583 1926 2641 enim
1981 2582 2192 2640 fanum

170 2688 375 2758 putatis
401 2689 466 2747 in
496 2688 625 2747 illis
652 2687 832 2747 terris
861 2685 1087 2745 nostris
1118 2680 1581 2760 magistratibus
1608 2678 1983 2756 religiosum,
2011 2698 2192 2754 quam

172 2780 453 2845 civitatem
492 2791 792 2860 sanctam,
821 2792 1006 2861 quam
1035 2782 1282 2840 domum
1319 2779 1473 2837 satis
1501 2776 1770 2835 clausam
1797 2795 1868 2834 ac
1894 2775 2190 2834 munitam
2219 2784 2280 2832 25

171 2875 339 2940 fuisse
358 2885 387 2942 ⁴?
436 2890 441 2895 ’
467 2883 674 2943 Urbes
699 2883 824 2960 jam
854 2879 1197 2957 locupletes
1229 2882 1296 2935 et
1323 2875 1612 2952 copiosae
1639 2872 2046 2950 requiruntur,
2069 2873 2194 2950 qui-

170 2971 269 3034 bus
312 2999 494 3039 causa
542 2979 690 3039 belli
745 2983 1000 3056 propter
1047 2974 1379 3053 diripiendi
1429 2970 1832 3049 cupiditatem
1880 2970 2189 3031 inferatur.

173 3068 442 3135 Libenter
478 3077 632 3136 haec
673 3095 870 3135 coram
914 3094 1050 3133 cum
1082 3071 1155 3145 Q.
1190 3069 1414 3130 Catulo
1454 3075 1520 3127 et
1546 3066 1620 3140 Q.
1652 3066 2008 3143 Hortensi0‚
2037 3089 2193 3127 sum-

173 3168 272 3226 mis
293 3179 354 3229 et
373 3173 722 3232 clarissimis
744 3171 908 3246 viris,
931 3170 1301 3247 disputarem
1321 3187 1338 3241 ;
1381 3170 1686 3226 noverunt
1706 3165 1864 3224 enim
1888 3165 2189 3224 sociorum
2256 3187 2261 3191 ·

175 3265 421 3345 vulnera,
466 3270 681 3330 vident
734 3288 942 3328 eorum
998 3265 1399 3338 calamitateS,
1449 3262 1858 3340 querimonias
1913 3262 2188 3321 audiunt.
2217 3274 2280 3319 30

175 3357 278 3421 Pro
304 3367 483 3426 sociis
510 3387 621 3427 vos
653 3372 865 3425 contra
905 3364 1118 3422 hostes
1160 3360 1499 3420 exercitum
1541 3359 1786 3418 mittere
1827 3359 2083 3435 putatiS‚
2112 3379 2191 3417 an

176 3453 416 3521 hostium
466 3462 854 3522 simulatione
904 3466 1117 3518 contra
1173 3456 1373 3515 socios
1420 3461 1607 3533 atque
1657 3455 1888 3513 amicos
1908 3455 1938 3513 ⁶?
2018 3451 2191 3524 Quae

177 3552 370 3616 civitas
398 3566 495 3618 est
536 3560 600 3616 in
631 3557 803 3632 Asia,
833 3576 990 3634 quae
1035 3574 1156 3613 non
1200 3552 1385 3610 modo
1412 3551 1798 3629 imperatoris
1828 3555 1936 3607 aut
1976 3547 2190 3624 legati,

181 3652 272 3708 sed
299 3657 474 3714 unius
500 3656 731 3713 tribuni
763 3652 1021 3711 militum
1050 3648 1283 3709 animos
1312 3668 1385 3707 ac
1414 3647 1669 3725 spiritus
1698 3665 1917 3722 capere
1944 3642 2144 3719 possit
2163 3643 2192 3702 P

285 3748 515 3812 XXIII.
560 3750 762 3823 Quare
792 3751 975 3808 etiam
1007 3749 1058 3805 si
1088 3766 1269 3824 quem
1304 3741 1570 3818 habetis,
1601 3742 1703 3820 qui
1733 3739 1967 3799 collatis
1996 3739 2190 3816 signis
2216 3750 2278 3797 35

185 3848 457 3907 exercitus
501 3849 703 3926 regios
751 3865 1038 3924 superare
1082 3862 1270 3921 posse
1313 3841 1611 3912 videatur,
1640 3845 1867 3909 tamen,
1910 3835 2029 3892 nisi
2074 3837 2194 3896 erit
