2725 4299
834 249 964 301 PRO
1009 250 1074 299 M.
1111 249 1463 299 MARCELLO
1508 249 1768 299 ORATIO.
2295 252 2372 310 91

225 410 415 469 nenda
437 417 641 471 morte
671 411 1068 489 prudentiam
1090 432 1105 471 ε
1149 411 1275 470 noli
1296 417 1512 471 nostro
1539 411 1821 490 periculo
1843 430 1978 471 esse
1999 412 2268 489 sapiens·

225 505 412 587 Saepe
433 508 603 566 enim
629 510 806 569 venit
832 509 912 566 ad
941 527 1120 567 aures
1145 527 1335 584 meaa,
1357 514 1425 567 te
1454 508 1623 566 idem
1649 507 1816 566 istud
1845 508 2028 567 nimis
2056 508 2270 568 crebro

221 604 428 677 dicere,
460 604 582 663 tibi
615 605 776 665 satis
803 612 869 665 te
897 605 1143 666 vixisse.
1231 604 1453 681 CredO,
1483 605 1594 664 sed
1623 610 1756 664 tum
1784 605 1851 663 id
1892 605 2186 681 audirem,
2213 604 2270 663 si

220 700 327 759 tibi
352 701 472 759 soli
496 702 752 762 viveres
780 707 891 761 aut
913 703 963 759 si
990 702 1107 760 tibi
1135 702 1323 761 etiam
1353 700 1469 760 soli
1494 707 1679 759 natus
1708 720 1891 760 esses,
1978 699 2268 760 Omnium

219 795 474 856 salutem
504 798 745 858 civium
787 807 1192 877 cunctamque
1220 819 1350 858 rem
1392 798 1705 876 publicam
1731 817 1831 857 res
1857 804 2005 858 tuae
2045 804 2265 876 gestae
2294 812 2323 857 ὅ

218 893 569 971 complexae
623 902 813 976 sunt3
854 902 1100 954 tantum
1147 895 1296 955 abes
1345 916 1384 953 a
1431 895 1815 973 perfectione
1865 895 2266 954 maximorum

217 1010 480 1068 operum,
514 999 592 1050 ut
621 994 1029 1053 fundamenta
1055 993 1328 1051 nondum
1355 1013 1515 1070 quae
1544 993 1784 1070 cogitas
1823 993 2063 1071 jeceris,
2147 991 2268 1052 Hic

214 1094 279 1144 tu
307 1090 555 1147 modum
585 1092 766 1151 vitae
794 1098 940 1150 tuae
967 1110 1093 1150 non
1122 1089 1321 1150 salute
1349 1091 1441 1149 rei
1477 1090 1783 1167 publicae,
1812 1090 1925 1149 sed
1951 1089 2268 1168 aequitate

216 1185 394 1242 animi
422 1186 698 1247 definies
720 1189 751 1249 ⁶?
831 1186 1019 1263 Quid,
1042 1187 1096 1244 si
1124 1187 1292 1246 istud
1311 1207 1392 1247 ne
1419 1185 1654 1265 gloriae
1675 1192 1821 1246 tuae
1843 1185 2096 1265 quidem
2117 1187 2268 1245 satis

216 1286 304 1340 est
324 1283 354 1341 *Ρ
394 1284 574 1363 cujus
629 1289 696 1344 te
740 1303 875 1344 esse
912 1283 1360 1360 avidissimum,
1390 1284 1669 1361 quamvis
1710 1283 1799 1343 sis
1843 1283 2110 1361 sapiens,
2140 1302 2266 1343 non
2295 1294 2357 1341 10

217 1378 489 1455 negabiS.

328 1473 649 1537 Parumne
679 1476 893 1555 igitur,
914 1477 1176 1555 inquieS,
1198 1476 1458 1555 gloriam
1485 1496 1774 1556 magnam
1798 1476 2214 1555 relinquemus
2236 1478 2267 1537 ⁴?

217 1568 402 1631 Immo
454 1594 607 1634 vero
635 1574 800 1645 ‚aliis
849 1575 1133 1652 quamvis
1181 1575 1399 1632 multis
1447 1575 1640 1651 satis3
1699 1574 1813 1633 tibi
1868 1575 1976 1632 uni
2029 1593 2264 1652 parum.

219 1665 531 1747 Quidquid
564 1678 673 1731 est
700 1671 884 1747 enim,
907 1671 1187 1749 quamvis
1214 1670 1488 1750 amplum
1518 1671 1619 1746 sit,
1648 1671 1714 1729 id
1743 1678 1840 1731 est
1866 1690 2084 1749 parum
2110 1677 2265 1745 tum,

221 1782 396 1840 quum
426 1774 528 1826 est
555 1768 801 1847 aliquid
844 1768 1121 1846 amplius·
1210 1766 1397 1842 Quod
1438 1768 1494 1827 si
1520 1788 1723 1828 rerum
1750 1774 1992 1825 tuarum
2029 1768 2267 1825 immor·
2295 1776 2355 1821 16

223 1862 449 1940 talium,
481 1865 551 1927 C.
586 1866 839 1942 Caesar,
867 1865 968 1923 hic
997 1865 1205 1925 exitus
1230 1866 1474 1924 futurus
1503 1865 1644 1941 fuit,
1672 1872 1745 1923 ut
1771 1864 2032 1924 devictis
2060 1863 2269 1922 adver·

224 1958 388 2017 sariis
415 1981 551 2020 rem
579 1962 898 2041 publicam
919 1963 985 2020 in
1007 1983 1083 2022 eo
1107 1969 1278 2021 statu
1298 1962 1699 2039 relinquereS,
1722 1961 1786 2018 in
1808 1979 1932 2038 quo
1960 1979 2123 2018 nunc
2149 1965 2266 2034 est,

226 2053 375 2131 vide,
397 2077 660 2134 quaese,
681 2079 761 2118 ne
787 2064 898 2117 tua
925 2059 1134 2119 divina
1161 2059 1360 2120 virtus
1380 2058 1805 2118 admirationis
1833 2058 1974 2137 plus
1993 2058 2078 2117 sit
2101 2056 2268 2117 habi-

227 2156 353 2210 tura
394 2175 586 2232 quam
629 2155 907 2234 gloriae3
951 2156 1006 2215 si
1050 2157 1297 2234 quidem
1338 2156 1540 2236 gloria
1582 2163 1681 2216 est
1722 2157 1977 2216 illustris
2021 2177 2093 2216 ac
2134 2176 2267 2234 per-

228 2257 442 2326 vagata
486 2272 861 2331 magnorum
887 2252 988 2313 vel
1013 2254 1079 2311 in
1118 2274 1264 2312 suos
1291 2254 1393 2314 vel
1434 2255 1499 2313 in
1542 2255 1807 2333 patriam
1836 2254 1934 2315 vel
1981 2254 2044 2312 in
2084 2272 2265 2313 omne
2291 2261 2356 2308 20

231 2363 413 2420 genus
440 2348 766 2408 hominum
794 2351 956 2408 fama
982 2350 1356 2411 meritorum.
1425 2394 1426 2397 η

339 2442 450 2505 ΙΧ.
495 2445 680 2506 Haec
705 2446 899 2525 igitur
918 2447 1037 2505 tibi
1065 2446 1301 2525 reliqua
1327 2468 1472 2526 pars
1501 2454 1618 2525 est,
1640 2448 1743 2508 hic
1768 2453 1965 2508 restat
1986 2453 2178 2523 actuS,
2200 2446 2266 2504 in

233 2534 335 2597 hoc
361 2541 808 2602 elaborandum
834 2548 952 2619 est,
983 2549 1055 2602 ut
1081 2564 1211 2602 rem
1237 2544 1545 2623 publicam
1576 2546 1940 2620 constituas,
1969 2564 2166 2621 eaque
2194 2549 2267 2601 tu

234 2632 292 2690 in
316 2637 535 2712 primis
562 2659 702 2698 cum
729 2660 966 2698 summa
996 2641 1449 2719 tranquillitate
1478 2649 1545 2702 et
1571 2643 1702 2701 otio
1736 2642 2051 2719 perfruare
2075 2661 2090 2700 :
2132 2646 2268 2698 tum

234 2734 309 2805 te,
330 2734 382 2790 si
402 2735 602 2812 voleS,
624 2757 812 2814 quum
840 2743 905 2797 et
931 2738 1170 2815 patriae
1193 2740 1364 2816 quod
1391 2739 1582 2799 debes
1612 2737 1864 2798 solveris
1893 2743 1960 2795 et
1985 2748 2265 2794 naturam
2291 2744 2355 2790 25

237 2825 420 2903 ipsam
459 2834 814 2911 expleveris
856 2835 1148 2895 satietate
1174 2835 1446 2912 vivendi,
1477 2837 1626 2894 satis
1664 2835 1774 2893 diu
1799 2833 2030 2894 vixisse
2058 2833 2264 2893 dicito,

236 2920 391 2996 Quid
417 2937 518 2989 est
540 2931 706 2990 enim
733 2931 851 2990 hoc
878 2932 1083 3009 ipsum
1111 2932 1238 3009 diu,
1261 2933 1328 2991 in
1349 2954 1473 3011 quo
1495 2942 1594 2992 est
1622 2932 1857 3010 aliquid
1878 2938 2219 2992 extremum
2238 2932 2269 2992 ’Β

239 3012 403 3097 quod
418 3047 611 3104 quum
636 3027 827 3104 venit,
857 3029 1058 3087 omnis
1085 3030 1376 3108 voluptas
1417 3030 1748 3108 praeterita
1787 3049 1901 3108 pro
1932 3029 2124 3090 nihilo
2150 3035 2267 3106 est,

239 3119 370 3194 quia
406 3131 629 3200 postea
657 3125 826 3183 nulla
854 3132 953 3184 est
980 3127 1202 3187 futura.
1288 3124 1673 3205 Quamquam
1704 3128 1825 3188 iste
1853 3133 1997 3186 tuus
2026 3127 2268 3186 animus

242 3230 540 3296 nunquam
589 3221 684 3280 his
732 3223 1062 3300 angustiis,
1118 3242 1271 3300 quas
1317 3230 1541 3282 natura
1587 3224 1766 3284 nobis
1814 3225 1894 3283 ad
1941 3225 2265 3285 vivendum
2292 3230 2358 3278 30

242 3309 418 3392 dedit,
440 3325 766 3377 contentus
796 3320 935 3396 fuit,
959 3339 1205 3398 semper
1226 3320 1711 3380 immortalitatis
1733 3341 1936 3381 amore
1957 3320 2263 3399 flagravit.

350 3411 483 3474 Nec
522 3435 669 3474 vero
712 3415 867 3475 haec
911 3423 1022 3474 tua
1049 3416 1183 3476 vita
1224 3417 1509 3476 ducenda
1554 3423 1671 3494 est,
1701 3437 1859 3495 quae
1904 3435 2158 3494 corpore
2202 3421 2269 3473 et

243 3505 449 3580 spiritu
495 3511 861 3572 continetur.
948 3512 1083 3588 Illa,
1130 3513 1401 3590 inquam,
1448 3512 1555 3571 illa
1617 3514 1750 3574 vita
1794 3519 1889 3573 est
1935 3518 2065 3586 tua,
2109 3528 2269 3586 quae

246 3601 470 3684 vigebit
500 3609 783 3667 memoria
813 3609 1192 3668 saeculorum
1222 3611 1510 3686 omnium,
1539 3631 1721 3688 quam
1761 3608 2096 3688 posteritas
2124 3604 2268 3681 alet,

245 3715 410 3773 quam
451 3705 589 3783 ipsa
630 3706 968 3764 aeternitas
997 3726 1244 3784 semper
1281 3707 1572 3767 tuebitur.
1658 3705 1826 3764 Huic
1853 3710 1924 3762 tu
1951 3702 2267 3778 inserviaS‚
2294 3711 2357 3758 35

244 3789 372 3857 huic
400 3806 465 3861 te
512 3807 790 3861 ostentes
831 3808 1119 3880 oportet3
1161 3823 1318 3880 quae
1347 3803 1595 3881 quidem
1642 3821 1802 3879 quae
1843 3800 2098 3858 miretur
2141 3798 2269 3879 jam
