2725 4299
751 290 826 341 IN
870 291 1239 342 CATILINAM
1285 293 1529 344 ORATIO
1573 294 1829 346 TERTIA.
2273 299 2349 358 33

197 475 237 514 a
263 460 492 515 senatu
517 453 871 533 populoque
897 455 1180 516 Romano
1205 457 1472 536 perspici
1497 463 1770 536 possent.
1852 457 2068 537 Atque
2093 458 2246 518 illud

196 551 452 630 signum
483 550 905 610 collocandum
934 552 1215 613 consules
1243 552 1337 612 illi
1378 553 1754 631 locaverunt,
1783 555 1894 615 sed
1920 561 2097 614 tanta
2122 556 2246 615 fuit

195 634 404 726 operis
430 647 714 723 tarditas,
743 652 816 705 ut
852 667 1053 725 neque
1081 649 1496 727 superioribus
1523 650 1874 711 consulibus
1913 671 2113 729 neque
2141 672 2247 712 no-

195 745 293 805 bis
321 751 473 804 ante
499 744 862 804 hodiernum
890 745 1057 804 diem
1083 745 1499 807 collocaretur.

320 840 438 900 IX.
484 839 605 900 Hic
630 841 767 918 quis
805 847 1020 919 potest
1045 861 1203 917 esse,
1232 839 1531 920 Quirites,
1558 849 1687 902 tam
1718 863 1970 904 aversus
2011 864 2048 903 a
2074 865 2240 922 vero,
2268 858 2299 905 δ

195 944 328 995 tam
371 955 688 1014 praecem,
731 942 860 996 tam
913 944 1123 998 mente
1165 945 1403 1016 captus,
1446 941 1552 1017 qui
1592 944 1787 1018 neget
1825 939 1978 1000 haec
2017 944 2241 1018 omnia,

195 1053 362 1111 quae
387 1032 690 1109 videmus,
716 1034 1163 1113 praecipueque
1190 1034 1349 1095 hanc
1373 1036 1590 1095 urbem
1618 1036 1872 1095 deorum
1896 1036 2245 1097 immortali-

194 1151 306 1188 um
349 1137 509 1189 nutu
556 1150 628 1189 ac
668 1136 987 1208 potestate
1029 1131 1444 1191 administrari
1464 1134 1496 1193 ’Β
1576 1131 1831 1193 Etenim
1859 1152 2049 1211 quum
2075 1140 2244 1195 esset

196 1227 291 1284 ita
315 1245 703 1304 responsum,
724 1227 963 1304 caedes,
984 1228 1288 1306 incendia,
1310 1229 1627 1289 interitum
1654 1230 1746 1290 rei
1772 1229 2057 1308 publicae
2084 1250 2241 1290 com-

194 1323 423 1401 parari,
452 1328 520 1382 et
563 1343 637 1383 ea
679 1342 793 1401 per
834 1324 1041 1401 cives;
1082 1344 1242 1403 quae
1285 1332 1422 1385 tum
1466 1332 1723 1405 propter
1747 1328 2240 1406 magnitudinem
2267 1338 2330 1386 10

196 1420 502 1480 scelerum
540 1420 853 1481 nonnullis
918 1422 1302 1482 incredibilia
1343 1423 1730 1501 videbantur,
1773 1445 1848 1484 ea
1887 1445 2013 1484 non
2054 1426 2240 1485 modo

197 1518 481 1596 cogitata
506 1535 546 1575 a
584 1518 836 1579 nefariis
864 1519 1127 1596 civibus,
1153 1540 1371 1580 verum
1397 1521 1591 1581 etiam
1621 1529 1907 1600 suscepta
1935 1522 2235 1582 sensistis,

196 1614 368 1674 Illud
411 1634 562 1674 vero
603 1635 808 1676 nonne
853 1617 943 1675 ita
987 1637 1283 1696 praesens
1324 1623 1443 1694 est,
1473 1625 1545 1677 ut
1584 1626 1742 1678 nutu
1780 1617 1956 1680 Jovis
1999 1618 2241 1698 Optimi

196 1711 460 1770 Maximi
485 1712 712 1771 factum
753 1732 892 1773 esse
919 1712 1219 1790 videatur,
1246 1720 1337 1790 ut,
1367 1735 1556 1793 quum
1595 1715 1891 1775 hodierno
1917 1715 2021 1775 die
2063 1734 2240 1775 mane

195 1829 309 1887 per
326 1809 525 1867 forum
553 1828 694 1869 meo
718 1809 893 1889 jussu
914 1816 981 1870 et
1000 1811 1304 1890 conjurati
1332 1817 1400 1871 et
1428 1831 1638 1871 eorum
1666 1811 1902 1870 indices
1931 1811 1996 1868 in
2024 1811 2242 1871 aedem
2268 1821 2329 1867 15

198 1905 580 1966 Concordiae
624 1906 1011 1984 ducerentur,
1040 1928 1116 1968 eo
1161 1909 1302 1986 ipso
1342 1914 1624 1986 tempore
1665 1908 1909 1985 signum
1951 1911 2244 1966 statuere·

195 2009 298 2062 tur
317 2005 349 2063 Ῥ
430 2001 572 2076 Quo
614 2003 914 2064 collocato
968 2011 1156 2082 atque
1197 2005 1277 2064 ad
1318 2024 1430 2066 vos
1473 2009 1880 2082 senatumque
1934 2023 2243 2080 converSO,

199 2100 427 2177 omnia,
457 2120 617 2179 quae
665 2109 841 2163 erant
885 2103 1163 2182 cogitata
1192 2109 1408 2164 contra
1448 2101 1715 2163 salutem
1758 2102 2047 2180 omnium,
2078 2101 2243 2161 illus·

198 2206 363 2258 trata
390 2204 459 2258 et
483 2200 794 2276 patefacta
819 2200 1077 2262 vidistis,

318 2294 465 2369 Quo
494 2297 682 2356 etiam
709 2298 940 2376 majore
982 2304 1126 2356 sunt
1153 2297 1259 2357 isti
1286 2297 1432 2357 odio
1461 2298 1885 2377 supplicioque
1913 2298 2107 2376 digni,
2135 2299 2243 2377 qui
2267 2306 2332 2354 20

198 2413 321 2452 non
350 2393 554 2454 solum
580 2395 801 2453 vestris
830 2394 1150 2454 domiciliis
1180 2400 1369 2472 atque
1398 2395 1604 2471 tectis,
1632 2395 1745 2454 sed
1772 2396 1960 2456 etiam
1987 2393 2245 2453 deorum

199 2490 449 2569 templis
466 2497 656 2568 atque
673 2489 944 2550 delubris
967 2498 1113 2549 sunt
1139 2492 1423 2551 funestos
1444 2512 1515 2552 ac
1532 2493 1798 2552 nefarios
1824 2493 2003 2569 ignes
2020 2491 2242 2550 inferre

200 2590 423 2651 conati.
510 2587 751 2662 Quibus
794 2609 917 2668 ego
964 2590 1016 2647 si
1063 2610 1164 2649 me
1205 2589 1515 2649 restitisse
1557 2590 1777 2664 dicam,
1805 2588 2064 2646 nimium
2092 2587 2243 2645 mihi

202 2706 439 2746 sumam
482 2692 551 2745 et
588 2706 714 2745 non
754 2686 870 2745 sim
910 2685 1216 2746 ferendus,
1300 2684 1437 2762 Ille,
1478 2685 1584 2745 ille
1624 2685 1915 2763 Juppiter
1968 2683 2242 2758 restitit3

201 2782 304 2844 ille
345 2781 753 2861 Capitolium,
782 2783 888 2843 ille
927 2782 1080 2843 haec
1120 2782 1375 2861 templa,
1403 2782 1510 2841 ille
1553 2787 1832 2841 cunctam
1877 2778 2109 2854 urbem,
2138 2778 2244 2837 ille
2270 2787 2333 2835 25

200 2900 308 2941 vos
336 2899 558 2940 omnes
586 2880 788 2940 salvos
816 2900 953 2940 esse
980 2880 1196 2941 voluit.
1282 2880 1420 2939 Diis
1450 2899 1570 2958 ego
1612 2876 2053 2937 immortalibus
2081 2876 2247 2936 duci-

198 2978 315 3036 bus
361 2977 523 3035 hanc
576 2986 849 3036 mentem
898 2976 1407 3056 voluntatemque
1449 2975 1696 3054 suscepi
1740 2981 1926 3053 atque
1969 2974 2045 3032 ad
2094 2973 2247 3035 haec

199 3080 379 3132 tanta
408 3073 634 3132 indicia
660 3075 927 3152 perveni.
1011 3074 1147 3133 Jam
1180 3095 1326 3134 vero
1356 3075 1436 3133 ab
1476 3072 1744 3132 Lentulo
1773 3070 2116 3149 ceterisque
2145 3072 2247 3131 do-

199 3170 477 3229 mesticis
505 3169 786 3230 hostibus
811 3177 942 3229 tam
969 3171 1286 3231 dementer
1311 3176 1528 3230 tantae
1555 3191 1655 3230 res
1683 3169 1956 3229 creditae
1985 3174 2050 3229 et
2076 3168 2242 3247 igno-

200 3268 283 3324 tis
312 3273 381 3325 et
407 3265 683 3326 barbaris
724 3269 1210 3346 commissaeque
1237 3268 1486 3328 litterae
1515 3288 1828 3346 nunquam
1872 3273 2085 3328 essent
2109 3286 2245 3345 pro-
2271 3275 2335 3321 30

202 3364 385 3439 fecto,
413 3364 537 3421 nisi
579 3364 658 3423 ab
684 3365 818 3442 ⁸diis
857 3365 1305 3424 immortalibus
1344 3365 1487 3425 huic
1525 3371 1740 3426 tantae
1784 3364 2081 3425 audaciae
2109 3382 2244 3421 con·

204 3460 413 3518 silium
456 3467 625 3520 esset
669 3467 967 3541 ereptum.
1052 3460 1221 3534 Quid
1267 3463 1463 3523 vero?
1517 3469 1590 3522 ut
1632 3462 1912 3522 homines
1958 3459 2124 3520 Galli
2167 3478 2245 3516 ex

194 3555 461 3615 ‘civitate
510 3556 669 3616 male
716 3565 957 3636 pacata,
984 3577 1142 3636 quae
1190 3579 1348 3637 gens
1396 3547 1521 3619 una
1560 3565 1773 3634 restat,
1815 3575 1973 3634 quae
2014 3552 2244 3613 bellum

205 3652 440 3729 populo
483 3652 764 3714 Romano
792 3656 992 3715 facere
1037 3676 1222 3734 posse
1267 3661 1333 3715 et
1377 3675 1501 3714 non
1544 3654 1710 3714 nolle
1740 3653 2040 3725 videatur,
2071 3667 2244 3725 spem

209 3747 453 3827 imperii
495 3770 568 3809 ac
608 3770 810 3810 rerum
839 3751 1359 3829 amplissimarum
1404 3750 1567 3810 ultro
1608 3749 1724 3808 sibi
1753 3768 1790 3805 a
1831 3745 2104 3824 patriciis
2145 3743 2248 3805 ho-
2274 3758 2337 3805 35

210 3845 478 3905 minibus
506 3845 777 3906 oblatam
818 3846 1209 3926 negligerent
1234 3847 1626 3924 vestramque
1668 3842 1926 3903 salutem
1955 3841 2083 3901 suis
2123 3842 2252 3920 opi-
