2725 4299
731 289 819 339 DE
863 289 1142 347 IMPERIO
1187 289 1287 340 GN.
1336 289 1612 340 POMPEII
1655 290 1913 342 ORATIO.
2323 294 2399 357 63

366 449 497 512 Sed
536 456 745 511 tamen
772 451 1027 512 alterius
1067 452 1263 531 partis
1302 451 1662 530 periculum,
1690 451 2080 515 Sertorianae
2107 459 2296 533 atque

238 547 706 628 Hispaniensis»,
732 568 892 626 quae
933 549 1131 609 multo
1167 549 1312 628 plus
1338 549 1709 610 firmamenti
1738 570 1808 610 ac
1839 551 2075 611 roboris
2114 550 2298 614 habe·

237 642 375 721 bat,
405 645 518 706 Cn.
546 645 829 724 Pompeii
868 646 1078 707 divino
1106 646 1362 705 consilio
1388 666 1461 707 ac
1496 646 1798 725 singulari
1824 648 2060 710 virtute
2087 650 2298 729 depul-

240 761 386 801 sum
413 749 551 818 est3
590 742 657 801 in
700 742 898 802 altera
937 747 1115 820 parte
1142 743 1233 801 ita
1273 763 1373 802 res
1402 763 1439 801 a
1473 742 1543 803 L.
1575 742 1853 820 Lucullo,
1883 765 2119 806 summo
2144 747 2296 823 virO,

240 845 347 899 est
373 839 819 915 administrata,
838 845 913 898 ut
935 840 1119 898 initia
1145 838 1254 899 illa
1281 859 1484 899 rerum
1509 845 1831 918 gestarum
1858 861 2084 920 magna
2110 851 2297 922 atque
2324 856 2353 902 ὅ

240 934 564 1014 praeclara
610 955 736 995 non
783 934 1072 995 felicitati
1120 935 1275 1015 ejuS,
1320 935 1434 996 sed
1475 935 1711 1011 virtuti,
1746 935 1900 997 haec
1946 945 2156 999 autem
2200 960 2300 999 ex-

242 1039 467 1107 trema,
489 1051 647 1109 quae
667 1051 865 1110 nuper
883 1032 1258 1108 acciderunt,
1280 1052 1405 1091 non
1427 1030 1664 1110 culpae,
1683 1033 1795 1092 sed
1815 1034 2097 1095 fortunae
2118 1036 2302 1096 tribu·

242 1129 411 1188 enda
455 1148 597 1189 esse
622 1129 965 1190 videantur.
1053 1127 1180 1189 Sed
1222 1129 1302 1188 de
1346 1127 1608 1188 Lucullo
1648 1129 1850 1189 dicam
1893 1131 2016 1192 alio
2055 1132 2210 1209 1000,
2236 1139 2302 1192 et

241 1227 338 1285 ita
364 1225 582 1301 dicam,
610 1222 910 1302 QuiriteS,
937 1230 1012 1284 ut
1051 1244 1253 1303 neque
1281 1244 1432 1285 vera
1470 1224 1604 1286 laus
1632 1227 1693 1287 ei
1720 1228 1996 1288 detracta
2021 1229 2299 1289 oratione

242 1342 390 1383 mea
434 1342 638 1400 neque
681 1321 838 1382 falsa
881 1323 1083 1382 afficta
1127 1341 1266 1382 esse
1300 1322 1602 1384 videatur.
1687 1323 1787 1384 De
1825 1326 2019 1387 vestri
2060 1326 2297 1405 imperii
2329 1341 2389 1388 10

244 1420 563 1500 dignitate
610 1426 797 1498 atque
843 1419 1065 1498 gloria,
1113 1419 1408 1498 quoniam
1451 1421 1508 1480 is
1555 1427 1654 1480 est
1701 1440 1955 1481 exorsus
2001 1422 2300 1483 emtionis

245 1537 448 1594 meae,
474 1516 688 1578 videte
713 1537 897 1595 quem
921 1517 1101 1577 vobis
1130 1518 1405 1576 animum
1436 1517 1888 1596 suscipiendum
1913 1519 2169 1598 putetis,

371 1613 453 1675 V.
496 1613 766 1695 Majores
805 1616 1002 1674 nostri
1042 1634 1251 1693 saepe,
1280 1615 1723 1674 mercatoribus
1762 1621 1874 1674 aut
1907 1615 2300 1676 naviculariis

246 1712 483 1774 nostris
510 1712 862 1792 injuriosius
904 1712 1208 1788 tractatis,
1237 1710 1405 1771 bella
1436 1719 1815 1791 ‘gesserunt3
1855 1731 1987 1790 vos,
2012 1717 2110 1772 tot
2149 1712 2302 1777 mili-

247 1810 369 1870 bus
397 1810 626 1871 civium
651 1808 1067 1870 Romanorum
1108 1829 1232 1869 uno
1273 1809 1497 1868 nuntio
1534 1815 1722 1887 atque
1749 1828 1875 1868 uno
1900 1814 2177 1887 tempore
2201 1827 2303 1868 ne·
2330 1824 2389 1871 15

250 1908 430 1983 catiS,
455 1926 581 1984 quo
609 1906 858 1966 tandem
900 1907 1107 1967 animo
1136 1925 1276 1966 esse
1304 1905 1551 1966 debetis
1571 1905 1604 1965 1³
1682 1903 1909 1982 Legati
1936 1904 2101 1982 quod
2128 1913 2304 1964 erant

251 2003 556 2083 appellati
576 2003 920 2082 superbiuS,
942 2002 1305 2063 Corinthum
1332 2007 1544 2080 patres
1563 2000 1776 2077 vestri,
1798 2001 1989 2060 totius
2010 1998 2303 2061 Graeciae

251 2100 482 2179 lumen,
510 2101 887 2162 exstinctum
916 2120 1055 2162 esse
1083 2098 1448 2162 voluerunt:
1491 2118 1604 2160 vos
1632 2117 1775 2159 eum
1802 2117 2014 2178 regem
2038 2097 2302 2159 inultum

252 2220 393 2261 esse
419 2199 766 2278 patiemini,
794 2199 902 2277 qui
928 2198 1208 2277 legatum
1237 2196 1456 2277 populi
1483 2196 1747 2256 Romani
1774 2196 2155 2257 consularem
2174 2197 2304 2257 vin·

254 2297 409 2357 culis
454 2316 528 2356 ac
554 2296 911 2356 verberibus
955 2301 1144 2373 atque
1188 2295 1355 2355 omni
1400 2293 1704 2373 supplicio
1745 2293 2161 2353 excruciatum
2203 2311 2304 2352 ne·
2327 2306 2391 2354 20

255 2394 423 2455 cavit
441 2395 472 2455 Ῥ
552 2391 655 2451 Illi
681 2392 1035 2452 libertatem
1065 2391 1295 2453 civium
1330 2390 1745 2451 Romanorum
1767 2390 2150 2449 imminutam
2178 2408 2303 2449 non

254 2491 571 2552 tulerunt:
630 2509 739 2551 vos
781 2490 974 2551 vitam
1016 2495 1295 2568 ereptam
1338 2487 1674 2568 negligetis
1693 2488 1725 2549 2>
1819 2486 1934 2546 Jus
1975 2486 2304 2565 legationis

254 2589 445 2649 verbo
472 2587 773 2648 violatum
799 2585 892 2645 illi
930 2586 1243 2665 persecuti
1284 2592 1466 2646 sunt:
1510 2604 1623 2646 vos
1662 2583 1938 2662 legatum
1977 2583 2144 2641 omni
2171 2602 2307 2659 sup-

255 2685 442 2763 plicio
460 2684 855 2744 interfectum
873 2683 1239 2761 relinquetis
1260 2683 1291 2743 ⁴?
1374 2681 1605 2741 Videte
1624 2699 1725 2756 ne,
1746 2685 1819 2738 ut
1837 2678 1960 2738 illis
1986 2677 2308 2756 pulcherri-

256 2803 426 2841 mum
470 2782 594 2839 fuit
635 2786 877 2838 tantam
903 2780 1079 2841 vobis
1124 2780 1364 2858 imperii
1408 2776 1668 2857 gloriam
1710 2775 1976 2852 tradere,
2005 2775 2092 2835 sic
2130 2773 2304 2834 vobis
2330 2789 2392 2836 25

256 2878 690 2957 turpissimum
731 2877 816 2935 sit
842 2877 908 2936 id
935 2876 1103 2955 quod
1131 2876 1461 2955 accepistis
1502 2873 1665 2934 tueri
1691 2878 1759 2932 et
1785 2891 2145 2932 conservare
2181 2891 2304 2930 non

258 2996 458 3055 posse.

381 3071 548 3145 Quid
568 3073 599 3132 Ῥ
650 3071 816 3149 quod
858 3071 1024 3131 salus
1069 3072 1369 3131 sociorum
1416 3089 1716 3129 summum
1761 3067 1826 3126 in
1870 3067 2201 3145 periculum
2239 3085 2308 3126 ac

261 3170 591 3229 discrimen
618 3175 889 3245 vocatur,
916 3189 1040 3247 quo
1069 3168 1323 3228 tandem
1353 3167 1560 3226 animo
1588 3166 1746 3224 ferre
1776 3164 2019 3224 debetis
2038 3165 2069 3224 ⁶?
2148 3162 2309 3242 Reg-

262 3286 345 3326 no
371 3272 470 3326 est
497 3255 794 3343 expulsus
821 3264 1272 3344 Ariobarzanes
1299 3284 1430 3341 rex,
1458 3263 1661 3323 socius
1687 3261 1903 3341 populi
1930 3260 2192 3319 Romani
2221 3267 2309 3316 at·
2333 3272 2397 3318 30

264 3384 385 3442 que
434 3363 664 3421 amicus
688 3383 706 3439 3
746 3363 1067 3421 imminent
1114 3362 1238 3421 duo
1285 3379 1468 3439 reges
1516 3360 1635 3419 toti
1682 3357 1895 3434 Asiae,
1939 3376 2064 3417 non
2112 3354 2305 3415 solum

263 3461 441 3520 vobis
485 3460 906 3535 inimicissimi,
951 3459 1062 3518 sed
1103 3458 1295 3518 etiam
1340 3457 1561 3518 vestris
1609 3456 1786 3530 sociis
1830 3461 2017 3533 atque
2061 3451 2308 3526 amicis3

266 3559 557 3619 civitates
586 3562 792 3615 autem
822 3575 1055 3632 omneS‚
1084 3560 1307 3615 cuncta
1334 3552 1492 3613 Asia
1517 3560 1705 3630 atque
1735 3550 2018 3625 Graecia,
2039 3552 2309 3609 vestrum

268 3654 566 3713 auxilium
595 3660 956 3731 exspectare
995 3657 1249 3730 propter
1287 3647 1546 3729 periculi
1575 3647 2060 3727 magnitudinem
2088 3661 2314 3721 cogun-

267 3757 410 3826 tur3
452 3750 886 3827 imperatorem
917 3769 954 3807 a
981 3747 1159 3808 vobis
1187 3752 1423 3807 certum
1450 3746 1801 3823 deposcere,
1830 3761 2016 3820 quum
2041 3760 2312 3819 praeser-
2338 3757 2399 3803 35

268 3847 382 3906 tim
409 3864 526 3907 vos
570 3842 753 3903 alium
799 3844 1109 3920 miseritiS,
1136 3863 1335 3920 neque
1382 3841 1613 3900 audent
1654 3857 1855 3915 neque
1898 3857 1966 3897 se
2008 3838 2072 3896 id
2115 3838 2312 3896 facere
