2725 4299
410 307 487 367 10
949 303 1027 354 m
1070 303 1437 353 cA'anAu
1480 302 1724 354 omno
1767 303 1995 353 ram

510 485 591 526 ex
618 465 883 544 perditis
910 472 1098 543 atque
1125 464 1206 524 ab
1233 463 1402 524 omni
1428 483 1553 523 non
1591 464 1777 524 modo
1804 466 2073 541 fortuna,
2100 485 2317 526 verum
2356 467 2548 528 etiam

509 581 619 641 spe
647 560 953 621 derelictis
980 560 1304 621 conflatam
1330 559 1742 638 improborum
1771 580 2035 621 manum.

627 657 752 717 Hic
779 662 851 715 tu
870 677 992 735 qua
1011 656 1254 717 laetitia
1273 657 1622 735 perfruere!
1651 656 1876 734 quibus
1895 657 2145 735 gaudiis
2165 657 2545 722 exsultabis!
2579 716 2582 719 .

508 761 740 833 quanta
785 755 852 812 in
896 753 1220 831 voluptate
1263 752 1661 828 bacchabere,
1710 772 1899 830 quum
1947 753 2014 811 in
2062 759 2240 814 tanto
2286 774 2547 815 numero

452 865 480 910 5
507 859 749 912 tuorum
814 870 1018 929 neque
1075 849 1283 909 audies
1350 849 1551 909 virum
1604 847 1834 908 bonum
1905 868 2274 927 quemquam
2341 871 2548 929 neque

506 947 747 1008 videbis
770 949 786 1009 l
867 944 976 1006 Ad
1021 945 1207 1025 hujus
1247 944 1419 1005 vitae
1468 944 1742 1004 studium
1787 944 2074 1004 meditati
2115 945 2205 1003 illi
2247 952 2395 1006 sunt
2441 949 2551 1025 qui

505 1045 785 1105 feruntur
808 1043 1053 1104 labores
1081 1042 1195 1119 tui,
1222 1042 1427 1122 jacere
1452 1041 1624 1100 humi
1652 1062 1774 1102 non
1802 1040 1997 1101 solum
2026 1042 2108 1101 ad
2140 1042 2549 1103 obsidendum

505 1148 805 1220 stuprum,
832 1160 1042 1201 verum
1083 1139 1272 1199 etiam
1319 1138 1400 1197 ad
1433 1138 1668 1198 facinus
1711 1137 2083 1214 obeundum,
2111 1138 2372 1217 vigilare
2416 1159 2549 1199 non

505 1236 702 1296 solum
750 1236 1147 1295 insidiantem
1197 1254 1414 1294 somno
1463 1235 1836 1309 maritorum,
1865 1254 2077 1295 verum
2125 1235 2313 1294 etiam
2359 1235 2546 1296 bonis

419 1343 479 1391 10
506 1333 858 1393 otiosorum.
961 1329 1196 1408 HabeS,
1244 1330 1350 1390 ubi
1400 1337 1681 1391 ostentes
1728 1331 1901 1389 illam
1947 1342 2120 1390 tuam
2168 1331 2545 1409 praeclaram

504 1428 869 1508 patientiam
914 1428 1111 1504 famis,
1132 1428 1414 1508 frigori&
1457 1428 1704 1506 inopiae
1747 1448 1952 1488 rerum
1993 1427 2285 1505 omnium,
2313 1429 2545 1506 quibus

504 1532 570 1585 te
596 1525 768 1586 brevi
793 1531 1070 1603 tempore
1097 1526 1449 1585 confectum
1480 1524 1731 1584 senties,
1817 1522 2087 1582 Tantum
2113 1525 2345 1602 profeci
2384 1530 2545 1602 tum,
2577 1545 2585 1550 ·

503 1641 691 1699 quum
716 1628 783 1681 te
811 1642 848 1680 a
874 1620 1198 1682 consulatu
1237 1621 1501 1700 reppuli,
1529 1626 1603 1679 ut
1631 1619 1809 1680 exsul
1849 1621 2060 1699 potius
2086 1626 2328 1681 tentare
2355 1641 2547 1699 quam

503 1717 715 1778 consul
744 1738 966 1778 vexare
1004 1738 1129 1778 rem
1159 1718 1469 1796 publicam
1513 1736 1754 1796 posseS,
1782 1722 1972 1794 atque
2017 1721 2091 1775 ut
2116 1716 2204 1793 id,
2230 1718 2397 1795 quod
2441 1725 2546 1778 est

418 1827 477 1873 15
505 1816 614 1875 abs
640 1822 707 1875 te
732 1814 1030 1876 scelerate
1058 1821 1432 1894 susceptum,
1453 1813 1835 1874 latrocinium
1861 1813 2071 1893 potius
2098 1822 2286 1892 quam
2309 1813 2545 1874 bellum

502 1913 935 1974 nominaretur.
1897 1914 1902 1919 ’

623 2008 736 2068 ΧΙ.
781 2008 964 2068 Nunc
1006 2015 1080 2067 ut
1119 2028 1158 2067 a
1198 2027 1318 2084 me,
1345 2012 1557 2085 patres
1601 2006 1954 2085 conscripti,
1993 2007 2301 2084 quandam
2342 2004 2542 2086 prope

500 2103 730 2183 justam
756 2105 994 2181 patriae
1022 2104 1470 2181 querimoniam
1498 2103 1776 2164 detester
1795 2124 1867 2164 ac
1887 2103 2199 2182 deprecer,
2219 2105 2541 2183 percipite,

502 2218 752 2276 quaes0,
780 2198 1110 2278 diligenter
1135 2219 1293 2277 quae
1322 2199 1548 2276 dicam,
1578 2205 1646 2260 et
1673 2221 1749 2260 ea
1774 2201 2027 2280 penitus
2070 2201 2289 2259 animis
2315 2201 2542 2261 vestris

414 2308 478 2354 20
502 2296 932 2373 mentibusque
952 2295 1257 2356 mandate.
1341 2295 1595 2355 Etenim
1623 2298 1678 2355 si
1699 2317 1936 2356 mecum
1962 2298 2183 2375 patria,
2204 2317 2360 2375 quae
2387 2296 2543 2356 mihi

501 2391 634 2452 vita
679 2410 815 2451 mea
863 2390 1059 2451 multo
1106 2397 1205 2451 est
1252 2392 1466 2469 carior,
1497 2393 1549 2451 si
1590 2399 1814 2452 cuncta
1862 2392 2067 2470 Italia,
2096 2394 2151 2454 si
2192 2394 2393 2454 omnis
2435 2413 2541 2454 res

499 2487 747 2566 publica
794 2488 881 2547 sic
927 2487 1245 2566 loquatur:
1291 2489 1328 2521 “
1349 2488 1435 2549 M.
1480 2488 1662 2565 Tulli,
1692 2489 1843 2567 quid
1889 2490 2026 2569 agis
2043 2491 2075 2551 ?
2152 2490 2327 2551 Tune
2373 2510 2540 2568 eum,

501 2604 682 2662 quem
727 2604 863 2645 esse
902 2585 1145 2646 hostem
1188 2586 1562 2663 comperisti,
1592 2605 1777 2663 quem
1817 2588 2037 2647 ducem
2064 2586 2214 2647 belli
2261 2589 2543 2646 futurum

500 2681 693 2758 videS,
748 2700 927 2760 quem
986 2683 1332 2762 exspectari
1390 2683 1821 2760 imperatorem
1874 2683 1939 2741 in
1992 2684 2212 2743 castris
2264 2683 2541 2743 hostium

413 2789 474 2835 25
502 2779 717 2855 sentis,
745 2786 1054 2839 auctorem
1094 2779 1359 2855 sceleriS,
1388 2780 1726 2857 principem
1768 2767 2229 2860 conjurationis,
2257 2786 2543 2841 evocato-

499 2894 629 2934 rem
656 2894 962 2935 servorum
990 2881 1058 2935 et
1082 2876 1310 2935 civium
1336 2876 1735 2954 perditorum,
1758 2877 1923 2937 exire
1951 2878 2206 2955 patiere,
2232 2883 2306 2936 ut
2331 2878 2441 2937 abs
2470 2884 2540 2937 te

502 2988 626 3028 non
653 2969 911 3028 emissus
939 2990 1018 3029 ex
1043 2970 1213 3047 urbe,
1237 2971 1348 3030 sed
1374 2972 1684 3033 immissus
1710 2974 1777 3032 in
1803 2974 2018 3034 urbem
2046 2994 2184 3034 esse
2210 2974 2540 3035 videatur?

502 3064 724 3125 Nonne
749 3064 911 3124 hunc
936 3066 1001 3124 in
1027 3066 1272 3127 vincula
1300 3069 1467 3147 duci,
1495 3090 1621 3130 non
1648 3071 1729 3130 ad
1756 3077 2014 3131 mortem
2042 3072 2199 3151 rapi,
2224 3091 2349 3130 non
2377 3091 2540 3129 sum-

501 3181 601 3220 mo
621 3162 922 3239 supplicio
947 3166 1201 3223 mactari
1221 3166 1551 3244 imperabis
1570 3168 1602 3228 ?
1680 3166 1845 3241 Quid
1870 3168 2119 3228 tandem
2146 3174 2212 3228 te
2232 3168 2491 3246 impedit
2507 3169 2539 3229 ’ἒ

413 3270 477 3315 30
504 3257 718 3317 Mosne
763 3259 1064 3338 majorum
1080 3261 1112 3321 ?
1191 3260 1286 3321 At
1332 3283 1634 3342 persaepe
1683 3265 1869 3324 etiam
1918 3265 2151 3344 privati
2197 3265 2262 3322 in
2308 3264 2423 3323 hac
2469 3284 2538 3323 re

500 3352 742 3431 publica
761 3357 1134 3433 perniciosos
1162 3360 1327 3422 cives
1348 3367 1547 3421 morte
1588 3360 1946 3421 multarunt.
2028 3359 2136 3420 An
2159 3360 2354 3441 legeS‚
2375 3380 2541 3438 quae

501 3452 581 3511 de
622 3451 844 3512 civium
871 3454 1284 3517 Romanorum
1336 3456 1637 3536 supplicio
1676 3463 1932 3536 rogatae
1976 3464 2120 3525 sunt
2137 3459 2169 3518 1²
2246 3455 2342 3516 At
2387 3478 2540 3515 nun-

502 3567 686 3625 quam
711 3550 778 3618 in
800 3552 918 3638 bac
944 3553 1114 3629 urbe,
1142 3555 1249 3631 qui
1277 3574 1314 3612 a
1341 3574 1409 3613 re
1435 3553 1683 3632 publica
1724 3555 2101 3631 defecerunt,
2131 3554 2358 3614 civium
2397 3554 2539 3631 jura

501 3650 848 3710 tenuerunt.
933 3647 1040 3707 An
1080 3650 1374 3710 invidiam
1414 3649 1802 3728 posteritatis
1842 3651 2026 3710 times
2041 3651 2073 3711 ’ἒ
2153 3648 2539 3709 Praeclaram

412 3750 477 3797 35
503 3763 648 3804 vero
687 3746 918 3824 populo
944 3745 1222 3805 Romano
1262 3747 1454 3806 refers
1494 3748 1779 3825 gratiam,
1807 3747 1915 3824 qui
1958 3752 2043 3823 te,
2069 3745 2380 3805 hominem
2425 3766 2542 3824 per

502 3845 570 3898 te
594 3842 936 3918 cognitum,
963 3841 1132 3900 nulla
1154 3842 1684 3902 commendatione
1706 3844 2010 3921 majorum
2037 3848 2169 3901 tam
2186 3848 2434 3901 mature
2456 3841 2541 3901 ad
