2725 4299
324 303 399 363 16
817 301 891 351 m
935 300 1304 351 ciriLmAu
1346 302 1593 352 onA'no
1638 301 1957 353 SECUNDA.

422 463 697 542 pissime,
725 462 983 522 aliorum
1025 466 1215 524 amori
1255 464 1741 543 flagitiosissime
1782 465 2110 542 serviebat,
2139 465 2275 526 aliis
2314 467 2473 528 fruo-

424 569 557 621 tum
583 559 922 636 libidinum,
951 560 1093 620 aliis
1118 567 1380 621 mortem
1413 567 1740 640 parentum
1764 581 1893 621 non
1918 562 2103 622 modo
2145 563 2469 642 impellen-

423 660 525 738 do,
545 677 755 720 verum
783 657 976 716 etiam
1004 658 1356 737 adjuvando
1384 656 1808 735 pollicebatur.
1894 658 2079 719 Nunc
2104 680 2251 720 vero
2280 680 2469 738 quam

422 758 630 817 subito
656 775 780 816 non
807 755 1005 815 solum
1047 775 1127 815 ex
1153 755 1325 830 urbe,
1353 775 1566 815 verum
1608 756 1796 814 etiam
1823 776 1905 815 ex
1931 757 2101 835 agris
2142 758 2467 836 ingentem

366 868 394 912 5
421 875 737 915 numerum
797 853 1177 931 perditorum
1235 851 1551 911 hominum
1609 852 1946 930 collegerat
1970 855 1985 914 l
2068 853 2272 914 Nemo
2339 876 2465 915 non

423 953 602 1013 modo
643 952 898 1028 Romae,
926 950 1038 1010 sed
1080 969 1159 1008 ne
1200 947 1328 1007 ullo
1372 947 1624 1025 quidem
1653 949 1719 1006 in
1762 949 1991 1028 angulo
2019 951 2213 1010 totius
2242 951 2467 1013 Italiae

418 1069 745 1127 oppressus
790 1069 931 1108 aere
977 1047 1180 1106 alieno
1224 1046 1358 1121 fuit,
1409 1064 1592 1122 quem
1646 1065 1770 1105 non
1823 1047 1906 1105 ad
1950 1046 2068 1107 hoo
2105 1048 2465 1109 incredibile

420 1146 666 1206 sceleris
692 1146 909 1205 foedus
938 1144 1277 1204 adsciverit.

539 1242 618 1303 V.
663 1241 874 1319 Atque
917 1248 991 1300 ut
1034 1241 1170 1320 ejus
1216 1240 1462 1301 diversa
1505 1240 1711 1299 studia
1760 1241 1825 1298 in
1881 1241 2164 1299 dissimili
2214 1243 2464 1303 ratione

334 1350 394 1395 10
419 1339 764 1416 perspicere
807 1338 1078 1416 possitis,
1108 1357 1290 1397 nemo
1337 1343 1434 1397 est
1460 1337 1525 1395 in
1576 1337 1725 1397 ludo
1764 1337 2137 1415 gladiatorio
2163 1338 2350 1417 paulo
2377 1341 2463 1399 ad

418 1436 656 1494 facinus
703 1435 1006 1511 audacior,
1036 1435 1141 1512 qui
1190 1455 1258 1494 se
1307 1455 1434 1494 non
1479 1432 1767 1494 intimum
1810 1434 2131 1512 Catilinae,
2174 1456 2355 1496 nemo
2393 1438 2462 1495 in

418 1551 640 1592 scaena
663 1530 858 1591 levior
885 1537 951 1591 et
976 1533 1253 1609 nequior,
1275 1533 1383 1610 qui
1405 1552 1473 1592 se
1500 1552 1627 1591 non
1655 1531 1933 1611 ejusdem
1962 1552 2155 1611 prope
2185 1533 2463 1595 sodalem

416 1629 608 1689 fuisse
649 1635 1102 1689 commemoret.
1174 1657 1179 1662 ·
1208 1628 1422 1707 Atque
1485 1629 1651 1688 idem
1713 1635 1940 1705 tamen,
1984 1636 2332 1707 stuprorum
2391 1635 2463 1690 et

416 1725 711 1785 scelerum
741 1728 1181 1787 exercitatione
1212 1727 1594 1786 assuefactus
1623 1726 1851 1804 frigore
1879 1732 1946 1790 et
1971 1727 2131 1786 fame
2160 1747 2232 1786 ac
2260 1728 2363 1786 siti
2390 1737 2461 1788 et

330 1835 388 1880 15
415 1822 642 1902 vigiliis
689 1824 1084 1902 perferendiS,
1113 1825 1291 1883 fortis
1335 1824 1416 1884 ab
1455 1824 1593 1882 istis
1634 1823 2123 1901 praedicabatur,
2152 1845 2341 1902 quum
2367 1826 2461 1886 in-

414 1920 684 1981 dustriae
713 1921 991 1981 subsidia
1030 1927 1219 1999 atque
1248 1922 1660 1981 instrumenta
1687 1922 1938 1982 virtutis
1965 1923 2033 1980 in
2072 1921 2324 1983 libidine
2353 1943 2459 1983 au-

413 2017 709 2095 daciaque
737 2025 1260 2080 consumerentur.

478 2108 482 2111 ’
534 2113 718 2174 Hunc
747 2135 894 2176 vero
935 2116 988 2174 si
1030 2115 1226 2175 secuti
1269 2121 1451 2175 erunt
1492 2117 1588 2175 sui
1630 2115 1907 2194 comiteS,
1936 2117 1990 2177 si
2032 2137 2113 2177 ex
2152 2118 2300 2179 urbe
2327 2118 2459 2178 exi-

413 2212 578 2271 erint
604 2213 1063 2290 desperatorum
1090 2212 1410 2271 hominum
1430 2213 1727 2292 flagitiosi
1754 2235 1999 2294 gregeS,
2019 2236 2059 2275 o
2078 2236 2192 2276 nos
2214 2216 2457 2294 beatOS,
2512 2251 2515 2255 Δ

324 2318 388 2365 20
412 2328 452 2367 o
479 2328 607 2367 rem
650 2308 954 2386 publicam
982 2310 1377 2386 fort1matam,
1404 2331 1444 2369 o
1460 2295 1467 2303 ¹
1484 2311 1861 2388 praeclaram
1888 2311 2131 2372 laudem
2176 2333 2286 2373 con
2296 2312 2458 2372 sula-

413 2410 515 2463 tus
542 2406 697 2466 meil
779 2404 844 2466 N
844 2425 925 2465 on
946 2406 1108 2465 enim
1132 2392 1258 2485 jam
1280 2413 1428 2466 sunt
1449 2406 1787 2468 mediocres
1808 2408 2123 2469 hominum
2143 2409 2456 2487 libidines,

412 2520 536 2560 non
578 2501 881 2561 humanae
923 2522 994 2561 ac
1034 2502 1394 2563 tolerandae
1436 2504 1772 2582 audaciae3
1814 2505 1966 2564 nihil
2009 2506 2290 2585 cogitant
2327 2507 2455 2565 nisi

412 2597 651 2673 caedes,
699 2598 822 2657 nisi
868 2597 1170 2675 incendia,
1213 2601 1335 2659 nisi
1378 2600 1644 2678 rapinaS.
1728 2600 2112 2662 Patrimonia
2159 2623 2272 2662 sua
2316 2623 2458 2681 pro-

410 2694 722 2772 fuderunt,
751 2696 1026 2755 fortunas
1069 2714 1212 2756 suas
1254 2697 1707 2777 obligaverunt,
1736 2717 1837 2757 res
1878 2718 1986 2758 eos
2024 2700 2148 2779 jam
2190 2699 2455 2777 pridem,

322 2802 384 2849 25
411 2790 564 2852 fides
593 2812 788 2871 nuper
814 2793 1071 2853 deficere
1099 2795 1306 2872 coepit
1330 2815 1344 2853 t
1391 2794 1605 2854 eadem
1633 2799 1843 2853 tamen
1885 2794 2011 2871 illa,
2040 2815 2199 2873 quae
2228 2802 2359 2855 erat
2383 2797 2453 2855 in

409 2888 806 2965 abundantia,
832 2889 1023 2948 libido
1068 2897 1291 2952 manet.
1381 2890 1563 2964 Quod
1607 2892 1660 2950 si
1699 2892 1765 2950 in
1792 2892 1936 2953 vino
1964 2899 2031 2952 et
2059 2892 2195 2953 alea
2235 2894 2453 2953 comis-

409 2984 678 3043 sationes
734 2984 933 3043 solum
988 2993 1055 3045 et
1111 2993 1311 3047 scorta
1351 2994 1736 3066 quaererent,
1786 2995 1999 3049 essent
2054 2989 2145 3048 illi
2201 2990 2452 3067 quidem

407 3081 790 3159 desperandi,
819 3084 928 3143 sed
956 3091 1166 3145 tamen
1195 3097 1408 3145 essent
1436 3086 1688 3145 ferendi.
1772 3083 1912 3145 Hoc
1938 3106 2085 3146 vero
2125 3088 2263 3164 quis
2290 3087 2451 3147 ferre

406 3178 625 3254 possit,
645 3180 873 3238 inertes
895 3180 1176 3241 homines
1196 3183 1547 3241 fortissimis
1566 3182 1716 3242 viris
1736 3182 2031 3258 insidiari,
2054 3182 2451 3243 stultissimos

319 3286 383 3333 30
408 3274 922 3354 prudentissimis,
966 3279 1241 3339 ebriosos
1288 3277 1529 3355 sobriis,
1572 3278 1948 3338 dormientes
1989 3280 2397 3358 vigilantibus
2420 3281 2452 3341 ἲ

342 3379 348 3384 “
407 3372 515 3448 qui
555 3372 926 3434 accubantes
971 3376 1036 3433 in
1077 3376 1399 3453 conviviiS‚
1428 3373 1731 3452 complexi
1774 3375 2058 3435 mulieres
2084 3376 2450 3455 impudicaS,
2525 3390 2532 3396 ·

407 3468 550 3527 vino
577 3467 875 3548 languidi,
907 3473 1168 3532 conferti
1189 3472 1349 3549 cibo,
1372 3472 1555 3532 sertis
1575 3470 1867 3547 redimiti,
1890 3474 2225 3549 unguentis
2247 3472 2450 3548 obliti,

406 3565 717 3625 debilitati
764 3568 1014 3645 stupriS,
1044 3555 1329 3629 eructant
1374 3567 1755 3629 sermonibus
1801 3569 1930 3628 suis
1960 3571 2214 3630 caedem
2261 3570 2452 3630 bono-

405 3684 538 3721 rum
567 3671 754 3743 atque
783 3665 951 3724 urbis
979 3665 1279 3726 incendia.

317 3768 378 3815 35
528 3758 768 3832 Quibus
796 3782 918 3840 ego
945 3761 1184 3821 confido
1204 3762 1563 3841 impendere
1591 3764 1782 3823 fatum
1809 3763 2077 3842 aliquod,
2098 3768 2165 3823 et
2183 3782 2448 3841 poenam
