2725 4299
331 292 410 352 64
813 290 900 340 DE
945 289 1223 340 IMPERIO
1269 289 1370 340 CN.
1420 289 1699 341 POMPEII
1744 289 2000 340 ORATIO.

433 454 567 513 sine
595 471 831 512 summo
858 452 1129 532 periculo
1161 471 1345 530 posse
1373 452 1765 513 arbitrantur.
1848 451 2086 511 Vident
2110 456 2180 510 et
2205 450 2491 510 sentiunt

336 586 341 593 -
430 550 546 609 hoc
586 550 749 609 idem
794 550 960 627 quod
986 569 1119 625 vos,
1149 569 1335 607 unum
1372 550 1573 610 virum
1617 568 1776 624 esse,
1804 549 1871 606 in
1911 568 2034 626 quo
2078 567 2323 607 summa
2364 547 2490 606 sint

430 647 659 723 omnia,
682 652 749 706 et
769 666 911 705 eum
936 652 1193 724 propter
1211 665 1369 722 esse,
1392 665 1516 724 quo
1535 646 1725 705 etiam
1745 651 1960 705 carent
1979 646 2225 724 aegrius
2248 665 2265 704 :
2310 645 2488 724 cujus

431 744 703 804 adventu
729 744 867 821 ipso
896 749 1084 821 atque
1125 743 1395 819 nomine,
1424 745 1678 803 tametsi
1705 742 1811 802 ille
1838 743 1918 801 ad
1943 742 2319 800 maritimum
2360 741 2488 800 bel-

376 853 404 899 5
430 839 556 899 lum
581 841 842 917 venerit,
869 845 1079 899 tamen
1121 840 1391 917 impetus
1430 839 1703 899 hostium
1739 858 2051 917 repressos
2078 858 2218 899 esse
2258 837 2486 897 intelli-

427 944 587 1016 gunt
615 957 688 997 ac
713 938 1076 997 retardatos,
1162 935 1250 994 Hi
1277 956 1410 1013 vos,
1432 937 1719 1014 quoniam
1746 935 1940 996 libere
1966 935 2135 1013 loqui
2160 955 2290 994 non
2317 935 2485 1011 licet,

426 1035 619 1095 tacite
658 1040 904 1113 rogant,
933 1039 1007 1093 ut
1048 1052 1116 1092 se
1155 1052 1422 1110 quoque,
1453 1033 1615 1092 sicut
1656 1038 1998 1092 ceterarum
2031 1031 2484 1111 provinciarum

428 1132 648 1209 sociOS,
685 1132 912 1210 dignos
957 1130 1329 1189 existimetis
1377 1149 1634 1207 quorum
1683 1129 1945 1189 salutem
1990 1129 2106 1188 tali
2150 1129 2284 1189 viro
2326 1148 2485 1188 com-

426 1229 772 1303 mendetis3
815 1234 1003 1304 atque
1042 1225 1160 1285 hoc
1186 1227 1379 1285 etiam
1417 1227 1639 1304 magis,
1667 1227 1834 1303 quod
1859 1232 2098 1286 ceteros
2126 1226 2193 1283 in
2231 1225 2483 1303 provin-

343 1336 404 1385 10
427 1324 582 1383 ciam
610 1325 745 1402 ejus
785 1324 954 1382 modi
995 1322 1279 1382 homines
1326 1342 1465 1382 cum
1509 1323 1767 1401 imperio
1809 1323 2137 1398 mittimuS,
2165 1328 2259 1398 ut,
2288 1322 2478 1382 etiam

425 1421 480 1479 si
522 1420 603 1479 ab
644 1419 826 1480 hoste
871 1420 1227 1495 defendant,
1258 1427 1468 1480 tamen
1517 1420 1802 1498 ipsorum‘
1831 1420 2136 1479 adventus
2180 1418 2245 1476 in
2289 1418 2479 1478 urbes

426 1517 726 1576 sociorum
779 1536 903 1576 non
951 1515 1216 1575 multum
1261 1516 1342 1575 ab
1390 1516 1605 1575 hostili
1655 1516 2116 1594 expugnatione
2164 1515 2473 1576 differant.

425 1612 610 1672 Hunc
679 1613 1015 1674 audiebant
1075 1619 1279 1688 antea,
1341 1633 1507 1672 nunc
1574 1618 1964 1690 praesentem
2017 1612 2235 1672 vident
2297 1617 2477 1670 tanta

423 1711 853 1788 temperantia,
893 1717 1072 1769 tanta
1111 1709 1605 1785 mansuetudine,
1648 1715 1823 1768 tanta
1862 1709 2269 1783 humanitate,
2312 1715 2387 1766 ut
2429 1709 2476 1767 ii

339 1819 398 1867 15
425 1807 770 1867 beatissimi
810 1827 948 1867 esse
989 1808 1336 1882 videantur,
1372 1806 1537 1884 apud
1581 1825 1736 1883 quos
1775 1805 1881 1865 ille
1923 1805 2270 1867 diutissime
2312 1825 2476 1865 com·

422 1910 706 1965 moratur.

541 2000 651 2062 VI.
698 1999 922 2077 Quare,
951 2002 1005 2060 si
1044 2007 1299 2079 propter
1324 2001 1544 2075 soci08,
1573 1999 1741 2059 nulla
1771 2000 1895 2077 ipsi
1923 1999 2147 2079 injuria
2171 1998 2471 2076 lacessiti,

421 2097 685 2176 majores
725 2098 925 2157 nostri
967 2117 1101 2157 cum
1144 2095 1474 2174 Antiocho,
1504 2116 1644 2156 cum
1683 2096 1993 2175 Philippo,
2021 2116 2158 2156 cum
2198 2093 2469 2173 Aetolis,

421 2213 559 2252 cum
602 2193 834 2252 Poenis
879 2192 1039 2252 bella
1081 2201 1430 2270 gesserunt,
1472 2201 1703 2272 quanto
1743 2214 1853 2255 vos
1899 2194 2108 2253 studio
2156 2193 2468 2270 convenit,

333 2301 397 2349 20
420 2289 660 2368 injuriis
686 2295 1073 2366 provocatoS,
1095 2290 1399 2350 sociorum
1420 2291 1681 2351 salutem
1703 2310 1824 2349 una
1845 2311 1980 2351 cum
2009 2290 2251 2369 imperii
2270 2292 2467 2369 vestri

420 2387 726 2464 dignitate
769 2386 1119 2464 defendere,
1147 2390 1514 2466 praesertim
1562 2409 1751 2465 quum
1796 2388 1877 2448 de
1917 2388 2199 2447 maximis
2242 2391 2468 2447 vestris

417 2482 827 2562 vectigalibus
868 2490 1090 2562 agatur
1108 2486 1139 2545 ⁶?
1219 2484 1384 2544 Nam
1425 2486 1763 2544 ceterarum
1803 2484 2249 2563 provinciarum
2278 2486 2468 2545 vec‘ti-

416 2579 600 2658 galia,
628 2577 922 2657 Quirites,
948 2587 1127 2640 tanta
1169 2587 1331 2657 sunt,
1361 2588 1434 2640 ut
1460 2583 1537 2641 iis
1569 2582 1650 2640 ad
1677 2582 1847 2660 ipsas
1886 2580 2468 2660 provinciastutan-

418 2678 529 2736 das
556 2679 661 2738 vix
689 2679 969 2738 contenti
1007 2699 1146 2739 esse
1189 2679 1535 2757 possimus:
1579 2672 1735 2737 Asia
1762 2698 1907 2739 vero
1948 2685 2077 2739 tam
2119 2678 2323 2756 opima
2363 2687 2467 2739 est

329 2786 390 2831 25
418 2794 490 2833 ac
518 2774 759 2850 fertilis,
786 2781 858 2833 ut
898 2782 966 2835 et
992 2775 1278 2835 ubertate
1305 2794 1590 2853 agrorum
1625 2782 1692 2835 et
1717 2776 2021 2836 varietate
2047 2775 2352 2836 fructuum
2396 2782 2465 2836 et

415 2871 843 2948 magnitudine
884 2872 1184 2949 pastionis
1230 2878 1297 2931 et
1340 2871 1737 2932 multitudine
1784 2891 1993 2932 earum
2037 2892 2259 2948 rerum,
2300 2892 2464 2950 quae

415 2972 837 3043 exportantur,
866 2966 1043 3026 facile
1085 2968 1371 3027 omnibus
1414 2970 1590 3028 terris
1619 2968 1965 3029 antecellat.
2049 2968 2266 3046 Itaque
2310 2969 2464 3029 haec

413 3063 592 3121 vobis
618 3062 954 3139 provincia,
983 3060 1275 3140 QuiriteS,
1307 3065 1359 3124 si
1388 3072 1454 3125 et
1494 3065 1641 3125 belli
1668 3065 2003 3126 utilitatem
2030 3072 2096 3125 et
2131 3064 2301 3143 pacis
2330 3066 2463 3144 dig-

413 3159 677 3217 nitatem
704 3160 968 3218 retinere
996 3161 1205 3237 vultiS‚
1235 3182 1357 3220 non
1386 3162 1569 3221 modo
1596 3183 1634 3221 a
1664 3162 2032 3238 calamitate,
2062 3163 2168 3221 sed
2202 3162 2392 3222 etiam
2422 3182 2461 3221 a

324 3265 388 3310 30
414 3260 584 3314 metu
631 3253 999 3316 calamitatis
1043 3265 1141 3318 est
1185 3259 1591 3319 defendenda.
1677 3258 1838 3319 Nam
1880 3259 1944 3317 in
1984 3259 2204 3319 ceteris
2252 3258 2459 3336 rebUS,
2499 3250 2504 3254 ’

413 3370 600 3428 quum
641 3352 813 3410 venit
858 3353 1190 3430 calamitas,
1236 3366 1369 3413 tum
1412 3355 1856 3414 detrimentum
1899 3356 2233 3434 accipitur:
2267 3362 2347 3413 at
2389 3357 2460 3414 in

411 3446 815 3526 vectigalibus
841 3468 967 3507 non
995 3449 1190 3508 solum
1217 3450 1519 3511 adventus
1550 3451 1713 3526 mali,
1734 3452 1846 3512 sed
1873 3451 2063 3512 etiam
2091 3458 2292 3511 metus
2319 3452 2460 3530 ipse

411 3544 588 3603 affert
631 3543 1060 3606 calamitatem.
1144 3546 1309 3606 Nam
1335 3567 1522 3625 quum
1563 3547 1835 3607 hostium
1861 3549 2074 3627 copiae
2100 3568 2224 3607 non
2264 3547 2459 3626 longe

411 3640 655 3717 absunt,
685 3641 872 3700 etiam
900 3641 955 3699 si
983 3641 1242 3721 irruptio
1267 3643 1437 3702 nulla
1464 3645 1631 3703 facta
1659 3650 1775 3720 est,
1803 3652 2013 3705 tamen
2053 3664 2251 3723 pecua
2275 3644 2460 3705 relin-

324 3746 384 3791 35
413 3743 701 3813 quuntur,
730 3738 864 3815 agri
893 3737 1127 3797 cultura
1168 3740 1486 3816 deseritur,
1514 3747 1916 3801 mercatorum
1957 3742 2274 3820 navigatio
2314 3744 2458 3801 con-

411 3833 690 3908 quiescit.
774 3834 872 3892 Ita
914 3855 1115 3912 neque
1154 3856 1230 3894 ex
1270 3843 1455 3912 portu
1497 3856 1695 3914 neque
1724 3857 1803 3897 ex
1829 3839 2102 3898 decumis
2141 3853 2343 3916 neque
2371 3859 2452 3899 ex
