2725 4299
802 207 890 256 DE
936 207 1212 256 IMPERIO
1259 207 1360 270 CN.
1396 209 1670 257 POMPEII
1715 208 1975 259 ORATIO.
2385 214 2460 275 71

306 366 666 445 m'emorem,
702 388 890 446 quum
930 377 1172 430 vestros
1214 377 1433 450 portus
1476 377 1662 447 atque
1706 390 1815 430 eos
1857 377 2094 448 portuS,
2136 372 2358 449 quibus

307 467 507 525 vitam
551 474 617 525 et
662 466 946 543 spiritum
992 467 1236 538 ducitis,
1275 466 1341 524 in
1384 467 1765 544 praedonum
1806 467 1998 527 fuisse
2041 474 2357 545 potestate

308 564 526 621 sciatis
549 564 578 623 Ῥ
660 561 766 620 An
791 582 938 623 vero
979 564 1283 640 ignoratis
1322 569 1568 640 portum
1598 563 1853 643 Cajetae
1893 564 2355 624 celeberrimum

310 680 382 719 ac
409 659 838 737 plenissimum
866 659 1114 718 navium
1143 660 1533 737 inspectante
1568 667 1852 738 praetore
1880 681 1917 718 a
1943 661 2354 739 praedonibus

310 775 452 814 esse
486 756 796 833 direptum
817 756 847 815 P
888 775 968 814 ex
1010 754 1250 814 Miseno
1288 763 1498 814 autem
1544 756 1679 834 ejus
1721 757 1916 833 ipsius
1958 756 2205 832 liberos,
2246 757 2352 833 qui
2381 771 2409 816 5

311 873 451 912 cum
492 851 909 930 praedonibus
936 857 1122 911 antea
1148 852 1235 908 ibi
1276 851 1504 911 bellum
1547 860 1846 930 gesserat,
1875 873 1912 910 a
1944 852 2354 930 praedonibus

310 969 451 1009 esse
496 948 820 1009 sublatos?
898 947 1060 1007 Nam
1088 948 1239 1025 quid
1279 968 1400 1025 ego
1440 947 1732 1008 Ostiense
1775 949 2223 1008 incommodum
2265 955 2355 1007 at-

310 1066 433 1123 que
452 1045 624 1104 illam
646 1044 848 1104 labem
866 1051 1052 1122 atque
1073 1045 1473 1123 ignominiam
1492 1046 1581 1105 rei
1601 1045 1886 1123 publicae
1907 1065 2142 1122 querar,
2164 1063 2354 1121 quum

310 1161 505 1220 prope
534 1141 1023 1220 inspectantibus
1053 1141 1228 1201 vobis
1257 1141 1473 1201 classis
1502 1161 1595 1217 ea,
1625 1142 1724 1200 cui
1752 1141 1963 1200 consul
1992 1141 2208 1218 populi
2234 1140 2352 1200 Ro-

310 1241 477 1297 mani
503 1239 892 1317 praepositus
921 1244 1107 1313 esset,
1131 1256 1169 1296 a
1195 1238 1603 1316 praedonibus
1632 1245 1814 1316 capta
1841 1244 2028 1314 atque
2057 1257 2351 1315 oppressa
2379 1252 2442 1300 10

311 1342 410 1394 est
431 1338 461 1397 1³
544 1335 666 1394 Pro
699 1336 787 1393 dii
824 1333 1240 1395 immortales!
1283 1340 1602 1394 tantamne
1633 1335 1824 1398 ,unius
1865 1333 2127 1393 hominis
2164 1335 2352 1394 incre-

308 1432 516 1491 dibilis
546 1453 617 1491 ao
644 1432 849 1490 divina
876 1433 1070 1489 virtus
1108 1437 1240 1489 tam
1281 1431 1453 1491 brevi
1478 1437 1755 1510 tempore
1795 1431 1991 1492 lucem
2020 1432 2233 1491 afferre
2259 1432 2350 1491 rei

307 1528 593 1606 publicae
633 1529 854 1606 potuit,
883 1535 954 1586 ut
992 1547 1124 1603 VOS,
1160 1528 1267 1605 qui
1307 1529 1491 1587 modo
1535 1534 1681 1587 ante
1725 1529 1951 1587 ostium
1995 1527 2351 1587 Tiberinum

309 1613 567 1684 classem
594 1625 858 1684 hostium
883 1624 1208 1699 videbatis,
1229 1643 1392 1683 nune
1418 1624 1642 1683 nullam
1670 1625 1830 1683 intra
1858 1624 2093 1685 Oceani
2119 1625 2351 1683 ostium

309 1722 689 1800 praedonum
732 1741 945 1780 navem
978 1740 1115 1780 esse
1143 1721 1407 1780 audiatis
1428 1722 1457 1780 P
1537 1722 1748 1798 Atque
1787 1721 1939 1781 haec
1981 1740 2104 1798 qua
2144 1720 2350 1781 celeri-
2377 1735 2436 1782 15

310 1826 441 1879 tate
481 1824 666 1897 gesta
707 1818 850 1893 sint,
879 1838 1244 1895 quamquam
1275 1818 1521 1892 videtis,
1550 1825 1760 1876 tamen
1788 1837 1825 1875 a
1851 1837 1950 1876 me
1993 1819 2054 1875 in
2092 1818 2349 1878 dicendo

308 1915 758 1995 praetereunda
797 1934 920 1973 non
966 1922 1126 1974 sunt.
1210 1913 1369 1988 Quis
1412 1914 1575 1973 enim
1619 1934 1889 1991 unquam
1932 1920 2042 1972 aut
2084 1914 2350 1973 obeundi

309 2013 551 2091 negotii
577 2020 688 2071 aut
714 2011 1128 2088 consequendi
1156 2016 1453 2089 quaestus
1481 2011 1688 2070 studio
1714 2018 1843 2069 tam
1871 2011 2044 2072 brevi
2069 2019 2348 2090 tempore

306 2116 406 2169 tot
432 2109 570 2169 loca
598 2108 788 2184 adire,
817 2114 1026 2167 tantos
1056 2127 1264 2167 cursus
1292 2107 1589 2168 conficere
1615 2108 1842 2186 potuit,
1864 2128 2046 2186 quam
2073 2108 2350 2171 celeriter

309 2207 418 2266 On.
450 2206 753 2284 Pompeio
794 2206 950 2264 duce
978 2206 1139 2263 tanti
1179 2204 1326 2264 belli
1352 2205 1617 2282 impetus
1645 2205 1968 2283 navigavit
1987 2207 2018 2266 ’ἓ
2056 2206 2162 2283 qui
2203 2226 2348 2264 non·
2372 2219 2437 2266 20

307 2304 454 2363 dum
498 2302 872 2379 tempestivo
917 2301 996 2359 ad
1043 2301 1452 2378 navigandum
1495 2302 1647 2360 mari
1685 2301 1957 2361 Siciliam
1986 2302 2159 2378 adiit,
2187 2299 2349 2359 Afri-

307 2421 442 2459 cam
471 2398 837 2478 exploravit,
868 2398 934 2454 in
977 2396 1319 2455 Sardiniam
1361 2418 1499 2457 cum
1527 2398 1721 2458 classe
1747 2400 1938 2474 venit,
1969 2405 2154 2475 atque
2195 2398 2348 2458 haec

306 2499 427 2555 tria
454 2495 855 2555 frumentaria
896 2494 1166 2552 subsidia
1191 2494 1280 2553 rei
1319 2494 1600 2571 publicae
1627 2495 1988 2553 firmissimis
2020 2495 2346 2572 praesidiis

309 2593 734 2668 classibusque
764 2591 1037 2650 munivit.
1121 2590 1276 2649 Inde
1306 2611 1494 2668 quum
1522 2610 1589 2649 se
1615 2590 1679 2648 in
1722 2590 1966 2648 Italiam
1991 2591 2345 2668 recepisset,

310 2690 548 2748 duabus
577 2687 897 2766 Hispaniis
924 2693 991 2745 et
1013 2684 1218 2745 Gallia
1238 2686 1620 2764 transalpina
1646 2686 1967 2762 praesidiis
1987 2706 2058 2744 ac
2085 2686 2344 2745 navibus
2372 2701 2433 2748 25

307 2787 681 2860 confirmata,
706 2785 908 2842 missis
935 2784 1083 2842 item
1110 2784 1175 2841 in
1203 2804 1368 2842 oram
1396 2783 1632 2862 Illyrici
1659 2783 1842 2840 maris
1871 2788 1937 2842 et
1961 2783 2026 2839 in
2045 2780 2346 2842 Achaiam

309 2902 674 2960 omnemque
719 2879 1037 2940 Graeciam
1081 2880 1341 2940 navibus
1385 2879 1604 2939 Italiae
1647 2880 1771 2938 duo
1824 2879 2010 2937 maria
2064 2881 2344 2941 maximis

309 2980 612 3039 classibus
655 2978 1135 3055 firmissimisque
1177 2978 1500 3055 praesidiis
1545 2978 1904 3054 adornavit3
1945 2978 2079 3055 ipse
2120 2986 2344 3056 autem,

308 3083 380 3134 ut
414 3076 743 3134 Brundisio
788 3076 1101 3152 profectus
1146 3079 1262 3149 est,
1292 3074 1969 3153 undequinquagesimo
2008 3075 2107 3135 die
2149 3081 2343 3135 totam

310 3174 386 3230 ad
414 3173 735 3248 imperium
779 3171 994 3248 populi
1021 3170 1287 3229 Romani
1315 3169 1587 3230 Ciliciam
1614 3169 1931 3249 adjunxit:
1975 3192 2208 3248 omneS,
2236 3173 2343 3250 qui
2369 3186 2434 3232 30

311 3270 559 3347 ubique»
571 3267 909 3345 praedones
938 3267 1206 3342 fuerunt,
1234 3268 1461 3344 partim
1505 3268 1671 3345 capti
1712 3269 2140 3347 interfectique
2180 3275 2343 3344 sunt,

309 3366 536 3442 partim
581 3365 764 3422 unius
817 3363 1001 3443 hujus
1050 3384 1117 3422 se
1165 3364 1426 3440 imperio
1479 3384 1551 3422 ac
1601 3365 1899 3438 potestati
1953 3365 2339 3425 dediderunt.

312 3461 480 3520 Idem
504 3460 921 3535 Cretensibus,
944 3479 1132 3537 quum
1154 3460 1233 3517 ad
1255 3478 1396 3518 eum
1423 3461 1702 3537 usquein
1731 3460 2157 3539 Pamphyliam
2180 3458 2345 3536 lega-

313 3562 411 3614 tos
438 3557 990 3634 deprecatoresque
1032 3555 1360 3631 misissent,
1391 3576 1561 3633 spem
1589 3556 1923 3616 deditionis
1961 3575 2086 3614 non
2114 3554 2344 3612 ademit

240 3700 248 3706 .
315 3642 678 3730 obsidesque
704 3653 1048 3732 imperavit.
1130 3652 1230 3711 Ita
1255 3658 1499 3711 tantum
1538 3652 1787 3728 bellum,
1814 3658 1944 3709 tam
1970 3651 2341 3727 diuturnum,
2368 3663 2430 3709 35

316 3756 443 3808 tam
484 3750 674 3829 longe
718 3751 964 3824 lateque
992 3749 1352 3826 dispersum,
1381 3768 1503 3826 quo
1545 3749 1711 3808 bello
1753 3764 1963 3805 omnes
2007 3751 2230 3824 gentes
2270 3768 2344 3807 ac
