2725 4299
317 281 394 340 92
912 277 1042 325 PRO
1088 277 1152 325 M.
1190 275 1543 325 MARCELLO
1561 235 1566 242 ι
1589 274 1846 325 ΟΒΑΤΙΟ.

419 443 659 522 pridem
708 439 901 499 multa
947 439 1158 517 habet,
1201 459 1361 498 nunc
1412 440 1600 498 etiam
1647 459 1806 518 quae
1853 439 2080 499 laudet·
2116 444 2466 517 exspectat.

420 539 883 616 obstupescent
929 538 1167 615 posteri
1216 541 1383 596 certe
1430 536 1706 613 imperia,
1747 537 2113 614 provinciaS,
2154 535 2470 614 Rhenum,

419 634 755 710 Oceanum,
800 633 1032 709 Nilum,
1075 651 1320 712 pugnas
1365 632 1859 708 innumerabiles,
1903 631 2298 692 incredibiles
2343 633 2471 693 vic-

418 731 626 807 torias,
656 737 1074 806 monumenta,
1101 749 1373 805 munera,
1401 729 1746 806 triumphos
1787 730 2110 788 audientes
2148 736 2216 789 et
2253 728 2470 807 legen-

364 842 392 886 5
418 835 517 886 tes
543 833 703 886 tuos,
789 825 910 886 Sed
954 826 1078 884 nisi
1118 824 1272 884 haec
1299 824 1444 884 urbs
1490 824 1770 884 stabilita
1809 825 1935 883 tuis
1963 825 2236 885 consiliis
2264 830 2332 885 et
2374 826 2469 884 in-

418 923 657 981 stitutis
686 923 822 998 erit,
850 922 1179 1001 vagabitur
1210 921 1397 980 modo
1425 940 1650 980 nomen
1677 927 1852 979 tuum
1879 920 2067 999 longe
2095 927 2284 999 atque
2312 920 2467 999 late,

418 1021 627 1079 sedem
672 1018 957 1079 stabilem
1001 1025 1067 1078 et
1109 1017 1484 1078 domicilium
1515 1024 1763 1077 ‘certum
1805 1038 1929 1077 non
1967 1017 2237 1077 habebit.
2323 1018 2469 1078 Erit

416 1117 579 1176 inter
603 1137 711 1175 eos
758 1117 943 1176 etiam
972 1114 1078 1193 qui
1120 1121 1468 1192 nascentur,
1497 1114 1659 1174 sicut
1702 1115 1866 1174 inter
1907 1135 2022 1174 nos
2064 1115 2204 1191 fuit,
2233 1136 2468 1194 magna

418 1213 741 1289 dissensio,
765 1233 954 1290 quum
974 1212 1081 1270 alii
1109 1211 1394 1270 laudibus
1415 1212 1494 1270 ad
1523 1211 1760 1271 caelum
1785 1232 1885 1271 res
1906 1218 2047 1270 tuas
2074 1218 2291 1290 gestas
2321 1214 2468 1273 effe·

333 1324 394 1370 10
418 1315 575 1385 rent,
620 1309 729 1367 alii
772 1310 1034 1368 fortasse
1080 1308 1310 1386 aliquid
1355 1309 1690 1386 requirent,
1730 1309 1915 1386 idque
1957 1308 2056 1368 vel
2104 1309 2468 1386 maximum,
2558 1303 2562 1304 ἶ

417 1406 534 1464 nisi
562 1405 709 1465 belli
729 1405 930 1465 civilis
949 1406 1300 1464 incendium
1320 1404 1521 1465 salute
1549 1390 1787 1483 patriae
1808 1405 2189 1481 restinxeriS,
2211 1405 2470 1466 utillud

416 1503 530 1561 fati
556 1503 744 1562 fuisse
772 1503 1073 1578 videatur,
1099 1502 1218 1561 hoc
1259 1501 1515 1562 consilii.
1603 1500 1777 1562 Servi
1814 1502 2007 1581 igitur
2033 1502 2109 1561 iis
2137 1503 2333 1561 etiam
2372 1504 2470 1582 ju-

417 1599 677 1676 dinibus,
699 1600 805 1677 qui
825 1599 1038 1658 multis
1064 1605 1209 1677 post
1237 1598 1495 1658 saeculis
1517 1599 1595 1659 de
1621 1605 1687 1658 te
1713 1599 2093 1679 judicabunt,
2116 1606 2182 1659 et
2209 1600 2467 1678 quidem

418 1697 582 1756 haud
611 1697 739 1757 scio
766 1718 846 1756 an
873 1696 1283 1774 incorruptius
1311 1716 1496 1774 quam
1533 1716 1646 1755 nos
1668 1717 1686 1773 3
1726 1717 1870 1755 nam
1898 1703 1963 1756 et
1992 1696 2125 1756 sine
2154 1717 2368 1759 amore
2396 1704 2468 1759 et

332 1808 391 1856 15
420 1796 552 1854 sine
581 1795 945 1873 cupiditate,
974 1801 1041 1855 et
1078 1813 1288 1852 rursus
1333 1794 1469 1853 sine
1499 1792 1645 1852 odio
1688 1800 1754 1853 et
1783 1794 1917 1853 sine
1956 1793 2190 1853 invidia
2231 1794 2465 1874 judica-

417 1893 590 1953 bunt.
676 1893 751 1951 Id
778 1899 983 1952 autem
1012 1891 1198 1951 etiam
1223 1891 1276 1950 si
1297 1896 1432 1948 tum
1454 1890 1534 1948 ad
1555 1896 1640 1966 te,
1662 1895 1735 1948 ut
1755 1890 2005 1968 quidam
2027 1889 2185 1949 falso
2210 1896 2464 1968 putant,

416 2009 542 2048 non
572 1989 962 2067 ¹pertinebit3
1003 2008 1165 2047 nunc
1205 1993 1372 2046 certe
1412 1987 1688 2065 pertinet
1718 2007 1856 2046 esse
1884 1993 1950 2047 te
1977 1986 2187 2064 talem,
2217 1994 2293 2046 ut
2321 1995 2463 2048 tuas

415 2085 633 2145 laudes
661 2086 1058 2147 obscuratura
1085 2087 1255 2146 nulla
1282 2109 1555 2167 unquam
1584 2089 1665 2147 sit
1691 2087 1937 2147 oblivio.
2137 2076 2145 2083 ’

536 2184 617 2244 Χ.
661 2184 959 2245 Diversae
1008 2185 1364 2245 voluntates
1419 2186 1640 2246 civium
1699 2186 1950 2245 fuerunt
2004 2185 2462 2262 distractaeque

328 2293 393 2339 20
418 2280 804 2356 sentcntiae3
846 2300 971 2338 non
1013 2281 1176 2340 enim
1207 2281 1482 2340 consiliis
1507 2281 1724 2363 solum
1752 2287 1819 2340 et
1845 2281 2093 2358 studiiS,
2122 2282 2233 2340 sed
2274 2269 2471 2340 armis

417 2376 603 2435 etiam
625 2383 691 2436 et
712 2378 926 2436 castris
949 2377 1416 2438 dissidebamus,
1503 2378 1659 2437 Erat
1679 2385 1889 2438 autem
1915 2379 2257 2438 obscuritas
2281 2399 2463 2456 quae-

416 2474 577 2550 dam,
606 2480 738 2533 erat
781 2481 1091 2534 certamen
1132 2475 1296 2534 inter
1340 2474 1709 2535 clarissimos
1737 2475 1962 2536 duces:
2006 2474 2182 2533 multi
2219 2474 2463 2534 dubita-

419 2570 569 2630 bant
597 2571 742 2648 quid
770 2572 1068 2650 optimum
1091 2579 1298 2648 esset3
1342 2571 1522 2630 multi
1553 2573 1700 2649 quid
1729 2572 1847 2631 sibi
1875 2572 2235 2650 expediret3
2279 2570 2459 2630 multi

417 2669 566 2745 quid
607 2669 891 2745 deceret3
934 2669 1215 2728 nonnulli
1257 2669 1445 2729 etiam
1476 2669 1623 2746 quid
1666 2668 1899 2728 liceret.
1984 2667 2322 2727 Perfuncta
2360 2688 2460 2727 res

328 2778 391 2824 25
418 2765 667 2844 publica
695 2772 793 2826 est
818 2765 936 2825 hoc
966 2766 1187 2826 misero
1215 2766 1509 2843 fatalique
1538 2765 1742 2825 bello:
1784 2765 1937 2826 vicit
1963 2766 2037 2842 is,
2058 2765 2162 2842 qui
2189 2785 2319 2824 non
2346 2765 2462 2824 for-

417 2870 568 2921 tuna
609 2862 1016 2921 inflammaret
1060 2863 1268 2921 odium
1314 2883 1513 2938 suum,
1553 2863 1663 2922 sed
1705 2862 1991 2922 bonitate
2033 2862 2300 2938 leniret3
2343 2882 2460 2922 nec

416 2960 521 3036 qui
566 2979 798 3034 omne-S,
826 2959 1049 3036 quibus
1092 2959 1285 3017 iratus
1330 2966 1515 3035 esset,
1558 2960 1810 3020 eosdem
1854 2960 2041 3019 etiam
2084 2959 2304 3020 exsilio
2347 2964 2459 3017 aut

415 3063 614 3115 morte
642 3057 864 3134 dignos
890 3056 1207 3134 judicaret.
1291 3055 1484 3115 Arma
1506 3056 1587 3116 ab
1607 3057 1750 3116 aliis
1775 3057 2001 3136 posita,
2024 3057 2102 3117 ab
2123 3056 2257 3116 aliis
2285 3077 2460 3135 erep-

416 3158 484 3210 ta
505 3159 665 3211 sunt.
723 3150 1019 3230 Ingratus
1040 3158 1139 3210 est
1158 3152 1245 3231 inj
1254 3158 1551 3231 ustusque
1574 3154 1743 3230 civiS,
1766 3155 1874 3231 qui
1897 3174 2196 3213 armorum
2218 3155 2459 3232 pericu·

328 3249 478 3308 3010
517 3247 813 3307 liberatus
855 3249 1121 3307 animum
1159 3255 1369 3309 tamen
1397 3251 1627 3310 retinet
1667 3256 1989 3326 armatum,
2018 3260 2090 3308 ut
2117 3251 2307 3309 etiam
2350 3250 2456 3310 ille

416 3344 631 3404 melior
658 3343 761 3421 sit,
783 3345 887 3422 qui
914 3345 979 3402 in
1007 3345 1138 3405 acie
1168 3346 1411 3422 cecidit,
1434 3347 1542 3424 qui
1571 3347 1635 3404 in
1663 3367 1847 3406 causa
1868 3347 2128 3406 animam
2161 3347 2454 3424 profudit.

417 3441 592 3514 Quae
637 3441 797 3501 enim
840 3436 1180 3520 pertinacia
1224 3443 1612 3519 quibusdam,
1657 3444 1874 3503 eadem
1924 3442 2059 3502 aliis
2096 3445 2457 3503 constantia

418 3539 610 3599 videri
636 3544 864 3616 potest.
951 3537 1076 3598 Sed
1099 3540 1226 3617 jam
1256 3539 1459 3616 omnis
1487 3540 1683 3598 fracta
1705 3540 2010 3600 dissensio
2038 3547 2136 3600 est
2164 3541 2367 3616 armiS,
2388 3546 2457 3600 et

417 3638 722 3696 exstincta
766 3635 1079 3713 aequitate
1106 3636 1396 3697 victoris:
1440 3640 1635 3696 restat
1674 3644 1747 3695 ut
1774 3658 1987 3697 omnes
2025 3658 2212 3695 unum
2239 3638 2455 3714 velint,

328 3745 390 3791 35
418 3735 523 3811 qui
552 3735 734 3793 modo
777 3732 1010 3792 habent
1039 3732 1265 3809 aliquid
1305 3753 1429 3792 non
1475 3732 1676 3792 solum
1720 3732 2079 3812 sapientiae,
2109 3734 2222 3792 sed
2263 3732 2457 3792 etiam

417 3831 721 3888 sanitatis.
805 3827 950 3888 Nisi
975 3833 1063 3904 te,
1085 3827 1150 3888 C.
1183 3827 1426 3904 Caesar,
1456 3827 1628 3888 salvo
1655 3835 1723 3888 et
1750 3830 1816 3888 in
1842 3831 1963 3889 ista
1990 3830 2305 3889 sententia
2330 3849 2457 3907 qua
