<?xml version="1.0" encoding="UTF-8"?>
<!DOCTYPE html PUBLIC "-//W3C//DTD XHTML 1.0 Transitional//EN"
    "http://www.w3.org/TR/xhtml1/DTD/xhtml1-transitional.dtd">
<html xmlns="http://www.w3.org/1999/xhtml" xml:lang="en" lang="en">
 <head>
  <title>
</title>
<meta http-equiv="Content-Type" content="text/html;charset=utf-8" />
  <meta name='ocr-system' content='tesseract 3.04.00' />
  <meta name='ocr-capabilities' content='ocr_page ocr_carea ocr_par ocr_line ocrx_word'/>
</head>
<body>
  <div class='ocr_page' id='page_1' title='image "./selectorationsm02harkgoog_0035.png"; bbox 0 0 2725 4299; ppageno 0'>
   <div class='ocr_carea' id='block_1_1' title="bbox 658 728 1727 798">
    <p class='ocr_par' dir='ltr' id='par_1_1' title="bbox 658 728 1727 798">
     <span class='ocr_line' id='line_1_1' title="bbox 658 728 1727 798; baseline -0.002 0"><span class='ocrx_word' id='word_1_1' title='bbox 658 728 1727 798; x_wconf 69' lang='lat' dir='ltr'>‘MTUILHCIOERONIS</span> 
     </span>
    </p>
   </div>
   <div class='ocr_carea' id='block_1_2' title="bbox 1218 893 1285 935">
    <p class='ocr_par' dir='ltr' id='par_1_2' title="bbox 1218 893 1285 935">
     <span class='ocr_line' id='line_1_2' title="bbox 1218 893 1285 935; baseline 0 0"><span class='ocrx_word' id='word_1_2' title='bbox 1218 893 1285 935; x_wconf 79' lang='lat' dir='ltr'><strong>m</strong></span> 
     </span>
    </p>
   </div>
   <div class='ocr_carea' id='block_1_3' title="bbox 491 1025 2012 1140">
    <p class='ocr_par' dir='ltr' id='par_1_3' title="bbox 491 1025 2012 1140">
     <span class='ocr_line' id='line_1_3' title="bbox 491 1025 2012 1140; baseline -0.005 0"><span class='ocrx_word' id='word_1_3' title='bbox 491 1030 610 1140; x_wconf 88' lang='lat' dir='ltr'><strong>L.</strong></span> <span class='ocrx_word' id='word_1_4' title='bbox 756 1025 2012 1139; x_wconf 80' lang='lat' dir='ltr'>CATILINAM</span> 
     </span>
    </p>
   </div>
   <div class='ocr_carea' id='block_1_4' title="bbox 653 1298 1844 1387">
    <p class='ocr_par' dir='ltr' id='par_1_4' title="bbox 653 1298 1844 1387">
     <span class='ocr_line' id='line_1_4' title="bbox 653 1298 1844 1387; baseline -0.003 -16"><span class='ocrx_word' id='word_1_5' title='bbox 653 1299 1125 1371; x_wconf 86' lang='lat' dir='ltr'><strong>ORATIO</strong></span> <span class='ocrx_word' id='word_1_6' title='bbox 1232 1298 1844 1387; x_wconf 81' lang='lat' dir='ltr'><strong>SECUNDA,</strong></span> 
     </span>
    </p>
   </div>
   <div class='ocr_carea' id='block_1_5' title="bbox 945 1503 1552 1563">
    <p class='ocr_par' dir='ltr' id='par_1_5' title="bbox 945 1503 1552 1563">
     <span class='ocr_line' id='line_1_5' title="bbox 945 1503 1552 1563; baseline 0.005 -9"><span class='ocrx_word' id='word_1_7' title='bbox 945 1505 1055 1555; x_wconf 86' lang='lat' dir='ltr'><strong>AD</strong></span> <span class='ocrx_word' id='word_1_8' title='bbox 1101 1503 1552 1563; x_wconf 76' lang='lat' dir='ltr'>QUIRITES.</span> 
     </span>
    </p>
   </div>
   <div class='ocr_carea' id='block_1_6' title="bbox 1063 1688 1460 1698">
    <p class='ocr_par' dir='ltr' id='par_1_6' title="bbox 1063 1688 1460 1698">
     <span class='ocr_line' id='line_1_6' title="bbox 1063 1688 1460 1698; baseline 0 0"><span class='ocrx_word' id='word_1_9' title='bbox 1063 1688 1460 1698; x_wconf 95' lang='lat' dir='ltr'><strong> </strong></span> 
     </span>
    </p>
   </div>
   <div class='ocr_carea' id='block_1_7' title="bbox 206 1820 2372 3751">
    <p class='ocr_par' dir='ltr' id='par_1_7' title="bbox 229 1820 2330 2682">
     <span class='ocr_line' id='line_1_7' title="bbox 351 1820 2275 1903; baseline -0.001 -14"><span class='ocrx_word' id='word_1_10' title='bbox 351 1826 402 1889; x_wconf 78' lang='lat' dir='ltr'><strong>I.</strong></span> <span class='ocrx_word' id='word_1_11' title='bbox 445 1825 733 1886; x_wconf 69' lang='lat' dir='ltr'><strong>TANDEM</strong></span> <span class='ocrx_word' id='word_1_12' title='bbox 758 1822 1112 1901; x_wconf 74' lang='lat' dir='ltr'><strong>aliquande,</strong></span> <span class='ocrx_word' id='word_1_13' title='bbox 1141 1821 1440 1900; x_wconf 80' lang='lat' dir='ltr'><strong>Quirites,</strong></span> <span class='ocrx_word' id='word_1_14' title='bbox 1479 1821 1549 1882; x_wconf 91' lang='lat' dir='ltr'><strong>L.</strong></span> <span class='ocrx_word' id='word_1_15' title='bbox 1579 1820 1933 1903; x_wconf 79' lang='lat' dir='ltr'><strong>Catilinam,</strong></span> <span class='ocrx_word' id='word_1_16' title='bbox 1969 1825 2275 1887; x_wconf 82' lang='lat' dir='ltr'><strong>furentem</strong></span> 
     </span>
     <span class='ocr_line' id='line_1_8' title="bbox 231 1920 2276 2000; baseline -0.001 -14"><span class='ocrx_word' id='word_1_17' title='bbox 231 1925 513 2000; x_wconf 88' lang='lat' dir='ltr'><strong>audacia,</strong></span> <span class='ocrx_word' id='word_1_18' title='bbox 540 1922 740 1983; x_wconf 92' lang='lat' dir='ltr'><strong>scelus</strong></span> <span class='ocrx_word' id='word_1_19' title='bbox 769 1920 1179 1996; x_wconf 82' lang='lat' dir='ltr'><strong>anhelantem,</strong></span> <span class='ocrx_word' id='word_1_20' title='bbox 1208 1926 1453 1998; x_wconf 86' lang='lat' dir='ltr'><strong>pestem</strong></span> <span class='ocrx_word' id='word_1_21' title='bbox 1494 1920 1731 1998; x_wconf 81' lang='lat' dir='ltr'><strong>patriae</strong></span> <span class='ocrx_word' id='word_1_22' title='bbox 1758 1922 1988 1981; x_wconf 85' lang='lat' dir='ltr'><strong>nefarie</strong></span> <span class='ocrx_word' id='word_1_23' title='bbox 2028 1922 2276 1985; x_wconf 88' lang='lat' dir='ltr'><strong>molien-</strong></span> 
     </span>
     <span class='ocr_line' id='line_1_9' title="bbox 230 2015 2275 2099; baseline -0 -17"><span class='ocrx_word' id='word_1_24' title='bbox 230 2028 383 2099; x_wconf 78' lang='lat' dir='ltr'><strong>tem,</strong></span> <span class='ocrx_word' id='word_1_25' title='bbox 408 2020 589 2082; x_wconf 86' lang='lat' dir='ltr'><strong>vobis</strong></span> <span class='ocrx_word' id='word_1_26' title='bbox 617 2025 806 2097; x_wconf 91' lang='lat' dir='ltr'><strong>atque</strong></span> <span class='ocrx_word' id='word_1_27' title='bbox 831 2017 974 2076; x_wconf 90' lang='lat' dir='ltr'><strong>huic</strong></span> <span class='ocrx_word' id='word_1_28' title='bbox 1014 2016 1150 2075; x_wconf 90' lang='lat' dir='ltr'><strong>urbi</strong></span> <span class='ocrx_word' id='word_1_29' title='bbox 1177 2017 1338 2076; x_wconf 83' lang='lat' dir='ltr'><strong>ferro</strong></span> <span class='ocrx_word' id='word_1_30' title='bbox 1364 2015 1729 2095; x_wconf 88' lang='lat' dir='ltr'><strong>flammaque</strong></span> <span class='ocrx_word' id='word_1_31' title='bbox 1756 2019 2166 2097; x_wconf 82' lang='lat' dir='ltr'><strong>minitantem,</strong></span> <span class='ocrx_word' id='word_1_32' title='bbox 2194 2041 2275 2081; x_wconf 84' lang='lat' dir='ltr'><strong>ex</strong></span> 
     </span>
     <span class='ocr_line' id='line_1_10' title="bbox 231 2112 2277 2198; baseline -0.001 -18"><span class='ocrx_word' id='word_1_33' title='bbox 231 2119 386 2180; x_wconf 89' lang='lat' dir='ltr'><strong>urbe</strong></span> <span class='ocrx_word' id='word_1_34' title='bbox 411 2116 515 2179; x_wconf 87' lang='lat' dir='ltr'><strong>vel</strong></span> <span class='ocrx_word' id='word_1_35' title='bbox 542 2117 837 2198; x_wconf 89' lang='lat' dir='ltr'><strong>ejecimus</strong></span> <span class='ocrx_word' id='word_1_36' title='bbox 867 2114 965 2175; x_wconf 89' lang='lat' dir='ltr'><strong>vel</strong></span> <span class='ocrx_word' id='word_1_37' title='bbox 993 2114 1310 2174; x_wconf 83' lang='lat' dir='ltr'><strong>emisimus</strong></span> <span class='ocrx_word' id='word_1_38' title='bbox 1338 2112 1438 2174; x_wconf 89' lang='lat' dir='ltr'><strong>vel</strong></span> <span class='ocrx_word' id='word_1_39' title='bbox 1464 2113 1668 2193; x_wconf 89' lang='lat' dir='ltr'><strong>ipsum</strong></span> <span class='ocrx_word' id='word_1_40' title='bbox 1696 2116 2119 2194; x_wconf 86' lang='lat' dir='ltr'><strong>egredientem</strong></span> <span class='ocrx_word' id='word_1_41' title='bbox 2146 2138 2277 2180; x_wconf 85' lang='lat' dir='ltr'><strong>ver-</strong></span> 
     </span>
     <span class='ocr_line' id='line_1_11' title="bbox 230 2209 2330 2296; baseline -0 -19"><span class='ocrx_word' id='word_1_42' title='bbox 230 2219 331 2277; x_wconf 88' lang='lat' dir='ltr'><strong>bis</strong></span> <span class='ocrx_word' id='word_1_43' title='bbox 357 2215 673 2296; x_wconf 86' lang='lat' dir='ltr'><strong>prosecuti</strong></span> <span class='ocrx_word' id='word_1_44' title='bbox 701 2232 929 2273; x_wconf 79' lang='lat' dir='ltr'><strong>sumus,</strong></span> <span class='ocrx_word' id='word_1_45' title='bbox 1012 2209 1214 2288; x_wconf 91' lang='lat' dir='ltr'><strong>Abiit,</strong></span> <span class='ocrx_word' id='word_1_46' title='bbox 1244 2211 1533 2288; x_wconf 86' lang='lat' dir='ltr'><strong>excessit,</strong></span> <span class='ocrx_word' id='word_1_47' title='bbox 1555 2213 1772 2289; x_wconf 86' lang='lat' dir='ltr'><strong>evasit,</strong></span> <span class='ocrx_word' id='word_1_48' title='bbox 1795 2216 2012 2293; x_wconf 88' lang='lat' dir='ltr'><strong>erupit.</strong></span> <span class='ocrx_word' id='word_1_49' title='bbox 2083 2215 2273 2276; x_wconf 87' lang='lat' dir='ltr'><strong>Nulla</strong></span> <span class='ocrx_word' id='word_1_50' title='bbox 2299 2238 2330 2286; x_wconf 72' lang='lat'>5</span> 
     </span>
     <span class='ocr_line' id='line_1_12' title="bbox 229 2308 2275 2394; baseline 0 -23"><span class='ocrx_word' id='word_1_51' title='bbox 229 2315 358 2394; x_wconf 88' lang='lat' dir='ltr'><strong>jam</strong></span> <span class='ocrx_word' id='word_1_52' title='bbox 384 2311 692 2392; x_wconf 83' lang='lat' dir='ltr'><strong>pernicies</strong></span> <span class='ocrx_word' id='word_1_53' title='bbox 719 2330 757 2369; x_wconf 91' lang='lat' dir='ltr'><strong>a</strong></span> <span class='ocrx_word' id='word_1_54' title='bbox 798 2315 1074 2369; x_wconf 91' lang='lat' dir='ltr'><strong>monstro</strong></span> <span class='ocrx_word' id='word_1_55' title='bbox 1104 2308 1213 2368; x_wconf 91' lang='lat' dir='ltr'><strong>illo</strong></span> <span class='ocrx_word' id='word_1_56' title='bbox 1242 2314 1432 2387; x_wconf 90' lang='lat' dir='ltr'><strong>atque</strong></span> <span class='ocrx_word' id='word_1_57' title='bbox 1459 2309 1745 2387; x_wconf 87' lang='lat' dir='ltr'><strong>prodigio</strong></span> <span class='ocrx_word' id='word_1_58' title='bbox 1773 2312 2093 2371; x_wconf 92' lang='lat' dir='ltr'><strong>moenibus</strong></span> <span class='ocrx_word' id='word_1_59' title='bbox 2120 2313 2275 2391; x_wconf 88' lang='lat' dir='ltr'><strong>ipsis</strong></span> 
     </span>
     <span class='ocr_line' id='line_1_13' title="bbox 229 2403 2276 2486; baseline 0 -17"><span class='ocrx_word' id='word_1_60' title='bbox 229 2413 396 2469; x_wconf 84' lang='lat' dir='ltr'><strong>intra</strong></span> <span class='ocrx_word' id='word_1_61' title='bbox 437 2408 683 2468; x_wconf 90' lang='lat' dir='ltr'><strong>moenia</strong></span> <span class='ocrx_word' id='word_1_62' title='bbox 724 2406 1192 2486; x_wconf 87' lang='lat' dir='ltr'><strong>comparabitur.</strong></span> <span class='ocrx_word' id='word_1_63' title='bbox 1297 2403 1509 2483; x_wconf 89' lang='lat' dir='ltr'><strong>Atque</strong></span> <span class='ocrx_word' id='word_1_64' title='bbox 1554 2405 1718 2466; x_wconf 88' lang='lat' dir='ltr'><strong>hunc</strong></span> <span class='ocrx_word' id='word_1_65' title='bbox 1776 2408 2023 2485; x_wconf 91' lang='lat' dir='ltr'><strong>quidem</strong></span> <span class='ocrx_word' id='word_1_66' title='bbox 2087 2430 2276 2470; x_wconf 89' lang='lat' dir='ltr'><strong>unum</strong></span> 
     </span>
     <span class='ocr_line' id='line_1_14' title="bbox 230 2502 2271 2587; baseline 0.001 -21"><span class='ocrx_word' id='word_1_67' title='bbox 230 2508 418 2587; x_wconf 88' lang='lat' dir='ltr'><strong>hujus</strong></span> <span class='ocrx_word' id='word_1_68' title='bbox 474 2505 623 2565; x_wconf 91' lang='lat' dir='ltr'><strong>belli</strong></span> <span class='ocrx_word' id='word_1_69' title='bbox 681 2503 1006 2563; x_wconf 84' lang='lat' dir='ltr'><strong>domestici</strong></span> <span class='ocrx_word' id='word_1_70' title='bbox 1067 2502 1283 2562; x_wconf 91' lang='lat' dir='ltr'><strong>ducem</strong></span> <span class='ocrx_word' id='word_1_71' title='bbox 1340 2503 1477 2563; x_wconf 89' lang='lat' dir='ltr'><strong>sine</strong></span> <span class='ocrx_word' id='word_1_72' title='bbox 1522 2505 1935 2563; x_wconf 85' lang='lat' dir='ltr'><strong>controversia</strong></span> <span class='ocrx_word' id='word_1_73' title='bbox 2001 2506 2271 2568; x_wconf 81' lang='lat' dir='ltr'><strong>vicimus.</strong></span> 
     </span>
     <span class='ocr_line' id='line_1_15' title="bbox 232 2600 2277 2682; baseline -0.001 -18"><span class='ocrx_word' id='word_1_74' title='bbox 232 2605 384 2664; x_wconf 91' lang='lat' dir='ltr'><strong>Non</strong></span> <span class='ocrx_word' id='word_1_75' title='bbox 412 2603 575 2663; x_wconf 91' lang='lat' dir='ltr'><strong>enim</strong></span> <span class='ocrx_word' id='word_1_76' title='bbox 600 2602 727 2682; x_wconf 83' lang='lat' dir='ltr'><strong>jam</strong></span> <span class='ocrx_word' id='word_1_77' title='bbox 757 2602 920 2661; x_wconf 90' lang='lat' dir='ltr'><strong>inter</strong></span> <span class='ocrx_word' id='word_1_78' title='bbox 959 2600 1156 2660; x_wconf 87' lang='lat' dir='ltr'><strong>latera</strong></span> <span class='ocrx_word' id='word_1_79' title='bbox 1183 2606 1396 2660; x_wconf 86' lang='lat' dir='ltr'><strong>nostra</strong></span> <span class='ocrx_word' id='word_1_80' title='bbox 1439 2601 1567 2659; x_wconf 85' lang='lat' dir='ltr'><strong>sica</strong></span> <span class='ocrx_word' id='word_1_81' title='bbox 1593 2600 1702 2659; x_wconf 87' lang='lat' dir='ltr'><strong>illa</strong></span> <span class='ocrx_word' id='word_1_82' title='bbox 1728 2601 2112 2678; x_wconf 81' lang='lat' dir='ltr'><strong>versabitur3</strong></span> <span class='ocrx_word' id='word_1_83' title='bbox 2152 2624 2277 2662; x_wconf 90' lang='lat' dir='ltr'><strong>non</strong></span> 
     </span>
    </p>

    <p class='ocr_par' dir='ltr' id='par_1_8' title="bbox 206 2682 2372 3751">
     <span class='ocr_line' id='line_1_16' title="bbox 206 2682 2367 2779; baseline -0 -18"><span class='ocrx_word' id='word_1_84' title='bbox 206 2682 300 2761; x_wconf 64' lang='lat' dir='ltr'><strong>&#39;in</strong></span> <span class='ocrx_word' id='word_1_85' title='bbox 327 2720 570 2779; x_wconf 87' lang='lat' dir='ltr'><strong>campO,</strong></span> <span class='ocrx_word' id='word_1_86' title='bbox 597 2718 723 2759; x_wconf 91' lang='lat' dir='ltr'><strong>non</strong></span> <span class='ocrx_word' id='word_1_87' title='bbox 764 2700 831 2756; x_wconf 91' lang='lat' dir='ltr'><strong>in</strong></span> <span class='ocrx_word' id='word_1_88' title='bbox 857 2699 1008 2775; x_wconf 86' lang='lat' dir='ltr'><strong>foro,</strong></span> <span class='ocrx_word' id='word_1_89' title='bbox 1034 2718 1163 2757; x_wconf 91' lang='lat' dir='ltr'><strong>non</strong></span> <span class='ocrx_word' id='word_1_90' title='bbox 1190 2698 1256 2757; x_wconf 91' lang='lat' dir='ltr'><strong>in</strong></span> <span class='ocrx_word' id='word_1_91' title='bbox 1301 2698 1486 2776; x_wconf 86' lang='lat' dir='ltr'><strong>curia,</strong></span> <span class='ocrx_word' id='word_1_92' title='bbox 1515 2718 1642 2756; x_wconf 90' lang='lat' dir='ltr'><strong>non</strong></span> <span class='ocrx_word' id='word_1_93' title='bbox 1680 2697 1947 2774; x_wconf 91' lang='lat' dir='ltr'><strong>denique</strong></span> <span class='ocrx_word' id='word_1_94' title='bbox 1974 2698 2134 2757; x_wconf 87' lang='lat' dir='ltr'><strong>intra</strong></span> <span class='ocrx_word' id='word_1_95' title='bbox 2173 2700 2277 2760; x_wconf 88' lang='lat' dir='ltr'><strong>do·</strong></span> <span class='ocrx_word' id='word_1_96' title='bbox 2302 2719 2367 2769; x_wconf 87' lang='lat'><strong>10</strong></span> 
     </span>
     <span class='ocr_line' id='line_1_17' title="bbox 230 2794 2276 2875; baseline -0.001 -18"><span class='ocrx_word' id='word_1_97' title='bbox 230 2798 527 2858; x_wconf 89' lang='lat' dir='ltr'><strong>mesticos</strong></span> <span class='ocrx_word' id='word_1_98' title='bbox 573 2796 843 2873; x_wconf 88' lang='lat' dir='ltr'><strong>parietes</strong></span> <span class='ocrx_word' id='word_1_99' title='bbox 902 2796 1427 2874; x_wconf 80' lang='lat' dir='ltr'><strong>pertimescemus,</strong></span> <span class='ocrx_word' id='word_1_100' title='bbox 1530 2794 1695 2854; x_wconf 92' lang='lat' dir='ltr'><strong>Loco</strong></span> <span class='ocrx_word' id='word_1_101' title='bbox 1743 2794 1848 2854; x_wconf 90' lang='lat' dir='ltr'><strong>ille</strong></span> <span class='ocrx_word' id='word_1_102' title='bbox 1908 2801 2112 2856; x_wconf 89' lang='lat' dir='ltr'><strong>motus</strong></span> <span class='ocrx_word' id='word_1_103' title='bbox 2159 2804 2276 2875; x_wconf 87' lang='lat' dir='ltr'><strong>est,</strong></span> 
     </span>
     <span class='ocr_line' id='line_1_18' title="bbox 231 2892 2278 2974; baseline 0 -20"><span class='ocrx_word' id='word_1_104' title='bbox 231 2915 425 2974; x_wconf 90' lang='lat' dir='ltr'><strong>quum</strong></span> <span class='ocrx_word' id='word_1_105' title='bbox 471 2913 553 2953; x_wconf 79' lang='lat' dir='ltr'><strong>ex</strong></span> <span class='ocrx_word' id='word_1_106' title='bbox 599 2893 746 2952; x_wconf 90' lang='lat' dir='ltr'><strong>urbe</strong></span> <span class='ocrx_word' id='word_1_107' title='bbox 796 2898 894 2952; x_wconf 87' lang='lat' dir='ltr'><strong>est</strong></span> <span class='ocrx_word' id='word_1_108' title='bbox 934 2892 1244 2970; x_wconf 78' lang='lat' dir='ltr'><strong>expulsus,</strong></span> <span class='ocrx_word' id='word_1_109' title='bbox 1329 2893 1545 2952; x_wconf 90' lang='lat' dir='ltr'><strong>Palam</strong></span> <span class='ocrx_word' id='word_1_110' title='bbox 1571 2894 1700 2973; x_wconf 89' lang='lat' dir='ltr'><strong>jam</strong></span> <span class='ocrx_word' id='word_1_111' title='bbox 1727 2914 1863 2953; x_wconf 89' lang='lat' dir='ltr'><strong>cum</strong></span> <span class='ocrx_word' id='word_1_112' title='bbox 1905 2892 2082 2954; x_wconf 81' lang='lat' dir='ltr'><strong>hoste</strong></span> <span class='ocrx_word' id='word_1_113' title='bbox 2108 2895 2278 2956; x_wconf 89' lang='lat' dir='ltr'><strong>nullo</strong></span> 
     </span>
     <span class='ocr_line' id='line_1_19' title="bbox 230 2987 2276 3071; baseline 0 -21"><span class='ocrx_word' id='word_1_114' title='bbox 230 2989 614 3070; x_wconf 80' lang='lat' dir='ltr'><strong>impediente</strong></span> <span class='ocrx_word' id='word_1_115' title='bbox 639 2987 871 3049; x_wconf 90' lang='lat' dir='ltr'><strong>bellum</strong></span> <span class='ocrx_word' id='word_1_116' title='bbox 897 3010 1200 3068; x_wconf 85' lang='lat' dir='ltr'><strong>geremuS.</strong></span> <span class='ocrx_word' id='word_1_117' title='bbox 1291 2989 1436 3051; x_wconf 88' lang='lat' dir='ltr'><strong>Sine</strong></span> <span class='ocrx_word' id='word_1_118' title='bbox 1464 2991 1653 3053; x_wconf 92' lang='lat' dir='ltr'><strong>dubio</strong></span> <span class='ocrx_word' id='word_1_119' title='bbox 1681 2992 2060 3071; x_wconf 89' lang='lat' dir='ltr'><strong>perdidimus</strong></span> <span class='ocrx_word' id='word_1_120' title='bbox 2088 2992 2276 3053; x_wconf 92' lang='lat' dir='ltr'><strong>homi—</strong></span> 
     </span>
     <span class='ocr_line' id='line_1_20' title="bbox 232 3086 2276 3167; baseline 0 -19"><span class='ocrx_word' id='word_1_121' title='bbox 232 3108 380 3148; x_wconf 89' lang='lat' dir='ltr'><strong>nem</strong></span> <span class='ocrx_word' id='word_1_122' title='bbox 436 3086 882 3165; x_wconf 83' lang='lat' dir='ltr'><strong>magnificeque</strong></span> <span class='ocrx_word' id='word_1_123' title='bbox 937 3088 1216 3165; x_wconf 86' lang='lat' dir='ltr'><strong>vicimus,</strong></span> <span class='ocrx_word' id='word_1_124' title='bbox 1266 3109 1455 3167; x_wconf 89' lang='lat' dir='ltr'><strong>quum</strong></span> <span class='ocrx_word' id='word_1_125' title='bbox 1511 3089 1687 3148; x_wconf 90' lang='lat' dir='ltr'><strong>illum</strong></span> <span class='ocrx_word' id='word_1_126' title='bbox 1744 3110 1824 3150; x_wconf 84' lang='lat' dir='ltr'><strong>ex</strong></span> <span class='ocrx_word' id='word_1_127' title='bbox 1876 3090 2134 3151; x_wconf 90' lang='lat' dir='ltr'><strong>occultis</strong></span> <span class='ocrx_word' id='word_1_128' title='bbox 2188 3092 2276 3149; x_wconf 89' lang='lat' dir='ltr'><strong>in-</strong></span> 
     </span>
     <span class='ocr_line' id='line_1_21' title="bbox 232 3184 2368 3267; baseline 0 -22"><span class='ocrx_word' id='word_1_129' title='bbox 232 3185 410 3246; x_wconf 87' lang='lat' dir='ltr'><strong>sidiis</strong></span> <span class='ocrx_word' id='word_1_130' title='bbox 438 3184 506 3241; x_wconf 91' lang='lat' dir='ltr'><strong>in</strong></span> <span class='ocrx_word' id='word_1_131' title='bbox 531 3188 815 3259; x_wconf 88' lang='lat' dir='ltr'><strong>apertum</strong></span> <span class='ocrx_word' id='word_1_132' title='bbox 855 3184 1240 3245; x_wconf 87' lang='lat' dir='ltr'><strong>latrocinium</strong></span> <span class='ocrx_word' id='word_1_133' title='bbox 1283 3188 1673 3267; x_wconf 88' lang='lat' dir='ltr'><strong>conjecimus.</strong></span> <span class='ocrx_word' id='word_1_134' title='bbox 1759 3187 1940 3261; x_wconf 85' lang='lat' dir='ltr'><strong>Quod</strong></span> <span class='ocrx_word' id='word_1_135' title='bbox 1967 3209 2114 3250; x_wconf 87' lang='lat' dir='ltr'><strong>vero</strong></span> <span class='ocrx_word' id='word_1_136' title='bbox 2152 3207 2277 3247; x_wconf 89' lang='lat' dir='ltr'><strong>non</strong></span> <span class='ocrx_word' id='word_1_137' title='bbox 2306 3208 2368 3257; x_wconf 80' lang='lat'><strong>15</strong></span> 
     </span>
     <span class='ocr_line' id='line_1_22' title="bbox 232 3284 2279 3363; baseline 0.002 -24"><span class='ocrx_word' id='word_1_138' title='bbox 232 3286 559 3340; x_wconf 85' lang='lat' dir='ltr'><strong>cruentum</strong></span> <span class='ocrx_word' id='word_1_139' title='bbox 606 3300 975 3359; x_wconf 89' lang='lat' dir='ltr'><strong>mucronem,</strong></span> <span class='ocrx_word' id='word_1_140' title='bbox 1004 3290 1076 3343; x_wconf 87' lang='lat' dir='ltr'><strong>ut</strong></span> <span class='ocrx_word' id='word_1_141' title='bbox 1117 3284 1336 3361; x_wconf 85' lang='lat' dir='ltr'><strong>voluit,</strong></span> <span class='ocrx_word' id='word_1_142' title='bbox 1386 3285 1634 3362; x_wconf 84' lang='lat' dir='ltr'><strong>extulit,</strong></span> <span class='ocrx_word' id='word_1_143' title='bbox 1679 3286 1845 3363; x_wconf 94' lang='lat' dir='ltr'><strong>quod</strong></span> <span class='ocrx_word' id='word_1_144' title='bbox 1892 3285 2049 3347; x_wconf 85' lang='lat' dir='ltr'><strong>vivis</strong></span> <span class='ocrx_word' id='word_1_145' title='bbox 2098 3285 2279 3344; x_wconf 91' lang='lat' dir='ltr'><strong>nobis</strong></span> 
     </span>
     <span class='ocr_line' id='line_1_23' title="bbox 234 3380 2279 3460; baseline 0.002 -23"><span class='ocrx_word' id='word_1_146' title='bbox 234 3396 526 3456; x_wconf 84' lang='lat' dir='ltr'><strong>egressus</strong></span> <span class='ocrx_word' id='word_1_147' title='bbox 568 3382 685 3454; x_wconf 82' lang='lat' dir='ltr'><strong>est,</strong></span> <span class='ocrx_word' id='word_1_148' title='bbox 713 3380 883 3456; x_wconf 91' lang='lat' dir='ltr'><strong>quod</strong></span> <span class='ocrx_word' id='word_1_149' title='bbox 928 3382 986 3441; x_wconf 88' lang='lat' dir='ltr'><strong>ei</strong></span> <span class='ocrx_word' id='word_1_150' title='bbox 1031 3383 1258 3442; x_wconf 87' lang='lat' dir='ltr'><strong>ferrum</strong></span> <span class='ocrx_word' id='word_1_151' title='bbox 1305 3402 1341 3442; x_wconf 90' lang='lat' dir='ltr'><strong>e</strong></span> <span class='ocrx_word' id='word_1_152' title='bbox 1382 3384 1664 3443; x_wconf 90' lang='lat' dir='ltr'><strong>manibus</strong></span> <span class='ocrx_word' id='word_1_153' title='bbox 1693 3384 2085 3460; x_wconf 81' lang='lat' dir='ltr'><strong>extorsimuS,</strong></span> <span class='ocrx_word' id='word_1_154' title='bbox 2114 3382 2279 3460; x_wconf 93' lang='lat' dir='ltr'><strong>quod</strong></span> 
     </span>
     <span class='ocr_line' id='line_1_24' title="bbox 235 3473 2280 3558; baseline 0.001 -26"><span class='ocrx_word' id='word_1_155' title='bbox 235 3473 574 3535; x_wconf 89' lang='lat' dir='ltr'><strong>incolumes</strong></span> <span class='ocrx_word' id='word_1_156' title='bbox 616 3476 800 3554; x_wconf 89' lang='lat' dir='ltr'><strong>cives,</strong></span> <span class='ocrx_word' id='word_1_157' title='bbox 830 3479 997 3555; x_wconf 87' lang='lat' dir='ltr'><strong>quod</strong></span> <span class='ocrx_word' id='word_1_158' title='bbox 1024 3485 1293 3538; x_wconf 86' lang='lat' dir='ltr'><strong>stantem</strong></span> <span class='ocrx_word' id='word_1_159' title='bbox 1331 3479 1549 3539; x_wconf 91' lang='lat' dir='ltr'><strong>urbem</strong></span> <span class='ocrx_word' id='word_1_160' title='bbox 1589 3480 1860 3557; x_wconf 89' lang='lat' dir='ltr'><strong>reliquit,</strong></span> <span class='ocrx_word' id='word_1_161' title='bbox 1889 3486 2120 3558; x_wconf 85' lang='lat' dir='ltr'><strong>quanto</strong></span> <span class='ocrx_word' id='word_1_162' title='bbox 2147 3484 2280 3536; x_wconf 89' lang='lat' dir='ltr'><strong>tan-</strong></span> 
     </span>
     <span class='ocr_line' id='line_1_25' title="bbox 233 3572 2283 3655; baseline 0.002 -25"><span class='ocrx_word' id='word_1_163' title='bbox 233 3573 378 3632; x_wconf 91' lang='lat' dir='ltr'><strong>dem</strong></span> <span class='ocrx_word' id='word_1_164' title='bbox 427 3572 601 3631; x_wconf 91' lang='lat' dir='ltr'><strong>illum</strong></span> <span class='ocrx_word' id='word_1_165' title='bbox 649 3594 923 3635; x_wconf 89' lang='lat' dir='ltr'><strong>maerore</strong></span> <span class='ocrx_word' id='word_1_166' title='bbox 967 3595 1104 3635; x_wconf 89' lang='lat' dir='ltr'><strong>esse</strong></span> <span class='ocrx_word' id='word_1_167' title='bbox 1151 3575 1439 3635; x_wconf 89' lang='lat' dir='ltr'><strong>afflictum</strong></span> <span class='ocrx_word' id='word_1_168' title='bbox 1480 3585 1546 3636; x_wconf 89' lang='lat' dir='ltr'><strong>et</strong></span> <span class='ocrx_word' id='word_1_169' title='bbox 1570 3578 1962 3655; x_wconf 87' lang='lat' dir='ltr'><strong>profligatum</strong></span> <span class='ocrx_word' id='word_1_170' title='bbox 2003 3573 2237 3652; x_wconf 90' lang='lat' dir='ltr'><strong>putatis</strong></span> <span class='ocrx_word' id='word_1_171' title='bbox 2251 3574 2283 3634; x_wconf 62' lang='grc' dir='ltr'>ἲ</span> 
     </span>
     <span class='ocr_line' id='line_1_26' title="bbox 233 3664 2372 3751; baseline 0.002 -24"><span class='ocrx_word' id='word_1_172' title='bbox 233 3664 279 3727; x_wconf 86' lang='lat' dir='ltr'><strong>J</strong></span> <span class='ocrx_word' id='word_1_173' title='bbox 278 3674 421 3729; x_wconf 89' lang='lat' dir='ltr'><strong>acet</strong></span> <span class='ocrx_word' id='word_1_174' title='bbox 462 3670 570 3731; x_wconf 88' lang='lat' dir='ltr'><strong>ille</strong></span> <span class='ocrx_word' id='word_1_175' title='bbox 614 3690 777 3730; x_wconf 91' lang='lat' dir='ltr'><strong>nunc</strong></span> <span class='ocrx_word' id='word_1_176' title='bbox 820 3677 1287 3749; x_wconf 85' lang='lat' dir='ltr'><strong>prostratusque</strong></span> <span class='ocrx_word' id='word_1_177' title='bbox 1332 3678 1450 3748; x_wconf 81' lang='lat' dir='ltr'><strong>est,</strong></span> <span class='ocrx_word' id='word_1_178' title='bbox 1479 3679 1545 3734; x_wconf 89' lang='lat' dir='ltr'><strong>et</strong></span> <span class='ocrx_word' id='word_1_179' title='bbox 1587 3693 1655 3733; x_wconf 91' lang='lat' dir='ltr'><strong>se</strong></span> <span class='ocrx_word' id='word_1_180' title='bbox 1703 3671 2049 3751; x_wconf 89' lang='lat' dir='ltr'><strong>perculsum</strong></span> <span class='ocrx_word' id='word_1_181' title='bbox 2092 3675 2280 3747; x_wconf 78' lang='lat' dir='ltr'><strong>atque</strong></span> <span class='ocrx_word' id='word_1_182' title='bbox 2306 3689 2372 3739; x_wconf 79' lang='lat'><strong>20</strong></span> 
     </span>
    </p>
   </div>
   <div class='ocr_carea' id='block_1_8' title="bbox 234 3765 2282 3914">
    <p class='ocr_par' dir='ltr' id='par_1_9' title="bbox 234 3765 2282 3914">
     <span class='ocr_line' id='line_1_27' title="bbox 234 3765 2282 3847; baseline 0.001 -22"><span class='ocrx_word' id='word_1_183' title='bbox 234 3765 556 3845; x_wconf 79' lang='lat' dir='ltr'><strong>abjectum</strong></span> <span class='ocrx_word' id='word_1_184' title='bbox 583 3784 723 3827; x_wconf 88' lang='lat' dir='ltr'><strong>esse</strong></span> <span class='ocrx_word' id='word_1_185' title='bbox 751 3768 961 3845; x_wconf 88' lang='lat' dir='ltr'><strong>sentit,</strong></span> <span class='ocrx_word' id='word_1_186' title='bbox 989 3774 1056 3828; x_wconf 91' lang='lat' dir='ltr'><strong>et</strong></span> <span class='ocrx_word' id='word_1_187' title='bbox 1084 3773 1400 3847; x_wconf 89' lang='lat' dir='ltr'><strong>retorquet</strong></span> <span class='ocrx_word' id='word_1_188' title='bbox 1427 3768 1640 3828; x_wconf 90' lang='lat' dir='ltr'><strong>oculos</strong></span> <span class='ocrx_word' id='word_1_189' title='bbox 1680 3769 1957 3846; x_wconf 85' lang='lat' dir='ltr'><strong>profecto</strong></span> <span class='ocrx_word' id='word_1_190' title='bbox 1985 3786 2172 3845; x_wconf 87' lang='lat' dir='ltr'><strong>saepe</strong></span> <span class='ocrx_word' id='word_1_191' title='bbox 2200 3768 2282 3828; x_wconf 89' lang='lat' dir='ltr'><strong>ad</strong></span> 
     </span>
     <span class='ocr_line' id='line_1_28' title="bbox 686 3862 720 3914; baseline 0 0"><span class='ocrx_word' id='word_1_192' title='bbox 686 3862 720 3914; x_wconf 85' lang='lat'><strong>2</strong></span> 
     </span>
    </p>
   </div>
  </div>
 </body>
</html>
