2725 4299
302 274 418 334 118
855 269 985 318 PRO
1031 266 1203 317 REGE
1248 264 1581 315 DEIOTARO
1626 263 1883 314 ORATIO.

403 433 625 507 Ponto,
655 429 888 506 Cilicia,
918 428 1098 508 Syria
1124 428 1287 488 bella
1318 433 1664 506 gesserunt.
1749 424 2016 486 Senatus
2041 444 2192 486 vero
2217 424 2451 505 judicia

403 530 481 588 dc
509 527 616 586 illo
643 533 773 585 tam
814 525 1008 584 multa
1051 536 1300 602 tamque
1341 524 1695 599 honorifica,
1724 543 1884 601 quae
1924 522 2191 601 publicis
2231 522 2451 601 populi

404 623 659 683 Romani
699 621 923 681 litteris
967 621 1506 698 monumentisque
1549 620 1913 698 consignata
1942 624 2109 695 sunt,
2139 639 2300 697 quae
2343 639 2454 678 un·

402 742 582 800 quam
604 723 884 780 vetustas
904 717 1127 776 obruet
1148 723 1259 775 aut
1278 736 1437 794 quae
1458 723 1636 774 tanta
1657 715 1892 775 delebit
1912 716 2147 775 oblivio
2168 718 2198 776 ‘t‘
2279 713 2454 789 Quid

349 829 378 874 5
405 819 483 877 de
527 817 757 877 virtute
801 815 940 893 ejus
982 813 1183 873 dicam
1203 815 1234 873 P
1274 814 1352 873 de
1397 812 1826 891 magnitudine
1867 812 2074 888 animi,
2115 813 2453 891 gravitate,

403 913 747 974 constantia
767 913 798 971 P
837 929 996 989 quae
1023 929 1237 969 omnes
1265 910 1435 968 docti
1466 916 1652 985 atque
1691 908 2006 986 sapientes
2035 927 2292 985 summa,
2321 908 2459 987 qui·

404 1011 545 1069 dam
585 1009 775 1070 etiam
817 1006 951 1066 sola
991 1005 1156 1065 bona
1202 1025 1337 1065 esse
1382 1004 1692 1080 dixerunt,
1721 1004 1940 1082 hisque
1981 1024 2104 1064 non
2145 1005 2333 1064 modo
2372 1006 2455 1063 ad

403 1108 579 1183 bene,
611 1106 720 1165 sed
749 1104 935 1164 etiam
977 1103 1058 1161 ad
1100 1102 1286 1162 beate
1314 1101 1650 1162 vivendum
1694 1107 2052 1161 contentam
2092 1121 2233 1162 esse
2258 1102 2460 1162 virtu·

404 1211 546 1263 tem.
629 1201 803 1261 Haec
846 1199 952 1259 ille
994 1205 1290 1277 reputans
1334 1205 1399 1258 et
1438 1198 1571 1257 dies
1615 1203 1953 1275 noctesque
1994 1198 2282 1276 cogitans
2324 1218 2456 1257 non

321 1313 379 1357 10
405 1299 586 1358 modo
626 1297 743 1356 tibi
785 1315 910 1354 non
951 1300 1521 1355 succenset—esset
1551 1295 1712 1353 enim
1750 1314 1875 1353 non
1904 1293 2101 1353 solum
2141 1295 2459 1373 ingratuS,

403 1395 511 1453 sed
540 1393 729 1453 etiam
755 1412 1261 1452 amens—verum
1291 1411 1531 1451 omnem
1554 1391 2062 1469 tranquillitatem
2083 1395 2151 1450 et
2169 1391 2456 1468 quietem

404 1490 738 1550 senectutis
766 1495 1086 1566 acceptam
1113 1489 1301 1548 refert
1330 1487 1695 1547 clementiae
1723 1495 1887 1548 tuae.

523 1586 695 1647 XIV.
743 1583 884 1657 Quo
911 1586 1171 1663 quidem·
1187 1586 1394 1644 animo
1423 1605 1608 1662 quum
1638 1590 1825 1644 antea
1854 1584 1991 1660 fuit,
2019 1589 2154 1643 tum
2187 1604 2316 1643 non
2345 1585 2460 1645 du-

403 1685 536 1744 bito
563 1684 709 1762 quin
734 1683 860 1742 tuis
887 1682 1137 1758 litteris,
1167 1701 1425 1759 quarum
1454 1680 1808 1759 exemplum
1836 1680 1984 1761 legi,
2013 1701 2168 1759 quas
2197 1682 2276 1741 ad
2307 1703 2460 1743 eum

320 1794 377 1840 15
405 1781 743 1840 Tarracone
783 1779 927 1839 huic
969 1779 1282 1839 Blesamio
1324 1779 1570 1855 dedisti,
1601 1797 1667 1838 se
1708 1779 1911 1857 magis
1952 1779 2140 1838 etiam
2180 1781 2460 1860 erexerit

405 1880 482 1938 ab
504 1879 791 1955 omnique
812 1876 1223 1937 sollicitudine
1245 1875 1630 1935 abstraxerit.
1713 1874 1756 1933 J
1756 1875 1907 1935 ubes
1929 1875 2092 1934 enim
2121 1895 2264 1935 eum
2283 1876 2457 1937 bene

405 1996 644 2053 sperare
666 1981 732 2035 et
758 1975 923 2034 bono
945 1994 1081 2034 esse
1100 1974 1320 2050 animo,
1343 1973 1506 2050 quod
1529 1973 1659 2032 scio
1686 1979 1751 2032 te
1777 1993 1901 2032 non
1930 1974 2153 2032 frustra
2174 1973 2457 2034 scribere

403 2074 616 2132 solere.
700 2071 955 2131 Memini
983 2072 1146 2130 enim
1175 2071 1392 2130 iisdem
1423 2071 1550 2130 fere
1577 2070 1784 2130 verbis
1827 2071 1904 2129 ad
1932 2091 2033 2130 me
2069 2078 2137 2131 te
2176 2072 2458 2133 scribere

403 2188 620 2246 meque
647 2169 773 2226 tuis
812 2168 1040 2227 litteris
1080 2167 1242 2227 bene
1288 2188 1534 2246 sperare
1577 2188 1703 2227 non
1734 2169 1964 2227 frustra
2007 2188 2144 2229 esse
2185 2169 2451 2248 jussum.

316 2279 378 2323 20
404 2264 641 2323 Laboro
685 2264 965 2341 equidem
1007 2264 1173 2342 regis
1214 2263 1492 2324 Deiotari
1535 2285 1738 2341 causa,
1786 2285 2051 2343 quocum
2091 2265 2246 2324 mihi
2298 2268 2456 2326 ami·

402 2362 608 2421 citiam
635 2379 734 2422 res
759 2360 1008 2439 publica
1034 2361 1404 2439 conciliavit,
1432 2361 1766 2440 hospitium
1794 2362 2083 2423 voluntas
2122 2363 2454 2441 utriusque

402 2458 741 2537 conjunxit,
769 2456 1248 2518 familiaritatem
1285 2459 1666 2518 consuetudo
1709 2458 1940 2535 attulit,
1970 2479 2273 2518 summam
2297 2479 2454 2520 vero

401 2554 913 2616 necessitudinem
958 2575 1188 2633 mag-na
1231 2555 1369 2633 ejus
1412 2555 1610 2613 officia
1639 2555 1704 2613 in
1749 2575 1849 2615 me
1883 2561 1950 2615 et
1992 2556 2059 2613 in
2099 2553 2448 2615 exercitum

402 2674 605 2713 meum
632 2654 1003 2713 effecerunt:
1049 2652 1159 2711 sed
1200 2671 1388 2729 quum
1418 2651 1495 2710 de
1538 2651 1649 2711 illo
1689 2652 1921 2730 labor0,
1950 2659 2081 2712 tum
2109 2653 2188 2713 de
2232 2653 2452 2714 multis

315 2763 375 2807 25
405 2750 792 2830 amplissimis
820 2749 988 2824 viriS,
1016 2748 1236 2825 quibus
1278 2747 1471 2808 semel
1511 2749 1799 2826 ignotum
1828 2771 1865 2808 a
1904 2757 1971 2810 te
2000 2770 2137 2810 esse
2175 2756 2450 2828 oportet,

402 2868 516 2907 nec
544 2846 901 2906 beneficium
930 2851 1107 2903 tuum
1146 2846 1212 2903 in
1238 2845 1497 2904 dubium
1527 2848 1749 2923 vocari,
1779 2867 1894 2908 nec
1934 2847 2186 2907 haerere
2226 2847 2293 2905 in
2318 2847 2452 2906 ani·

402 2944 520 3000 mis
559 2942 871 3001 hominum
913 2941 1384 3001 sollicitudinem
1431 2943 1885 3021 sempiternam,
1913 2964 2029 3004 nec
2058 2944 2338 3005 accidere
2375 2951 2452 3003 ut

402 3039 717 3117 quisquam
744 3045 811 3098 te
839 3038 1058 3098 timere
1086 3039 1345 3117 incipiat
1374 3060 1604 3116 eorum,
1633 3041 1742 3118 qui
1771 3041 1896 3100 sint
1923 3040 2111 3100 semel
2139 3062 2177 3100 a
2203 3047 2269 3101 te
2298 3041 2452 3102 libe·

401 3135 517 3194 rati
545 3135 778 3193 timore.
863 3133 928 3194 N
929 3155 1009 3194 on
1037 3135 1255 3212 debe0,
1286 3134 1352 3195 O.
1387 3134 1632 3212 Caesar,
1661 3137 1828 3214 quod
1856 3136 1988 3196 fieri
2017 3136 2180 3196 solet
2205 3137 2270 3195 in
2312 3144 2450 3197 tan-

314 3246 376 3292 30
402 3232 486 3291 tis
513 3230 814 3309 periculiS,
843 3236 1107 3306 tentare,
1137 3252 1404 3310 quonam
1444 3232 1628 3292 modo
1665 3233 1925 3293 dicendo
1966 3233 2449 3294 misericordiam

403 3336 567 3388 tuam
596 3347 973 3388 commovere
999 3330 1248 3407 possim.
1335 3328 1509 3389 Nihil
1539 3349 1695 3407 opus
1725 3336 1838 3390 est.
1923 3330 2256 3391 Occurrere
2286 3331 2452 3391 solet

402 3429 536 3504 ipsa
584 3424 966 3504 supplicibus
1014 3432 1080 3484 et
1122 3425 1517 3501 calamitosis,
1559 3425 1787 3484 nullius
1835 3427 2117 3487 oratione
2165 3436 2445 3490 evocata.

401 3523 684 3599 Propone
732 3521 846 3580 tibi
893 3521 1048 3579 duos
1097 3541 1278 3599 reges
1328 3528 1395 3580 et
1439 3522 1505 3580 id
1545 3523 1749 3581 animo
1798 3523 2233 3602 contemplare,
2278 3526 2448 3602 quod

402 3619 593 3678 oculis
638 3638 759 3677 non
807 3623 1004 3695 potes·
1091 3616 1288 3675 Dabis
1334 3619 1613 3696 profecto
1653 3619 1716 3676 id
1765 3619 2241 3697 misericordiae,
2280 3623 2449 3699 quod

315 3726 376 3771 35
402 3715 750 3773 iracundiae
774 3712 1117 3789 denegasti.
1206 3712 1405 3771 Multa
1426 3719 1572 3772 sunt
1597 3721 1995 3773 monumenta
2015 3721 2161 3775 tuae
2184 3716 2450 3776 clemen-

402 3809 545 3880 tiae,
575 3810 683 3865 sed
728 3809 991 3865 maxima
1030 3826 1238 3865 eorum
1280 3807 1757 3885 incolumitateS,
1786 3811 2007 3887 quibus
2049 3811 2316 3872 salutem
2343 3813 2451 3874 de·

1075 4270 1179 4288 Ιῗ
