<?xml version="1.0" encoding="UTF-8"?>
<!DOCTYPE html PUBLIC "-//W3C//DTD XHTML 1.0 Transitional//EN"
    "http://www.w3.org/TR/xhtml1/DTD/xhtml1-transitional.dtd">
<html xmlns="http://www.w3.org/1999/xhtml" xml:lang="en" lang="en">
 <head>
  <title>
</title>
<meta http-equiv="Content-Type" content="text/html;charset=utf-8" />
  <meta name='ocr-system' content='tesseract 3.04.00' />
  <meta name='ocr-capabilities' content='ocr_page ocr_carea ocr_par ocr_line ocrx_word'/>
</head>
<body>
  <div class='ocr_page' id='page_1' title='image "./selectorationsm02harkgoog_0080.png"; bbox 0 0 2725 4299; ppageno 0'>
   <div class='ocr_carea' id='block_1_1' title="bbox 309 288 1874 352">
    <p class='ocr_par' dir='ltr' id='par_1_1' title="bbox 309 288 1874 352">
     <span class='ocr_line' id='line_1_1' title="bbox 309 288 1874 352; baseline 0.001 -13"><span class='ocrx_word' id='word_1_1' title='bbox 309 292 389 352; x_wconf 84' lang='grc'>58</span> <span class='ocrx_word' id='word_1_2' title='bbox 877 290 1009 339; x_wconf 89' lang='lat' dir='ltr'>PRO</span> <span class='ocrx_word' id='word_1_3' title='bbox 1052 289 1310 340; x_wconf 73' lang='lat' dir='ltr'>ARCHIA</span> <span class='ocrx_word' id='word_1_4' title='bbox 1353 288 1572 340; x_wconf 80' lang='lat' dir='ltr'>POETA</span> <span class='ocrx_word' id='word_1_5' title='bbox 1617 288 1874 340; x_wconf 86' lang='lat' dir='ltr'>ORATIO.</span> 
     </span>
    </p>
   </div>
   <div class='ocr_carea' id='block_1_2' title="bbox 318 450 2534 3931">
    <p class='ocr_par' dir='ltr' id='par_1_2' title="bbox 412 450 2464 610">
     <span class='ocr_line' id='line_1_2' title="bbox 413 450 2464 531; baseline 0.002 -21"><span class='ocrx_word' id='word_1_6' title='bbox 413 453 476 511; x_wconf 91' lang='lat' dir='ltr'>in</span> <span class='ocrx_word' id='word_1_7' title='bbox 503 451 621 511; x_wconf 91' lang='lat' dir='ltr'>hoc</span> <span class='ocrx_word' id='word_1_8' title='bbox 648 458 777 510; x_wconf 86' lang='lat' dir='ltr'>tam</span> <span class='ocrx_word' id='word_1_9' title='bbox 804 452 1033 531; x_wconf 85' lang='lat' dir='ltr'>exiguo</span> <span class='ocrx_word' id='word_1_10' title='bbox 1053 454 1223 513; x_wconf 79' lang='lat' dir='ltr'>vitae</span> <span class='ocrx_word' id='word_1_11' title='bbox 1251 450 1553 513; x_wconf 86' lang='lat' dir='ltr'>curriculo</span> <span class='ocrx_word' id='word_1_12' title='bbox 1579 459 1647 512; x_wconf 91' lang='lat' dir='ltr'>et</span> <span class='ocrx_word' id='word_1_13' title='bbox 1672 459 1803 512; x_wconf 87' lang='lat' dir='ltr'>tam</span> <span class='ocrx_word' id='word_1_14' title='bbox 1828 453 2004 514; x_wconf 89' lang='lat' dir='ltr'>brevi</span> <span class='ocrx_word' id='word_1_15' title='bbox 2029 455 2228 515; x_wconf 85' lang='lat' dir='ltr'>tantis</span> <span class='ocrx_word' id='word_1_16' title='bbox 2255 474 2369 515; x_wconf 90' lang='lat' dir='ltr'>nos</span> <span class='ocrx_word' id='word_1_17' title='bbox 2396 456 2464 514; x_wconf 87' lang='lat' dir='ltr'>in</span> 
     </span>
     <span class='ocr_line' id='line_1_3' title="bbox 412 548 1197 610; baseline 0.003 -2"><span class='ocrx_word' id='word_1_18' title='bbox 412 548 723 609; x_wconf 82' lang='lat' dir='ltr'>laboribus</span> <span class='ocrx_word' id='word_1_19' title='bbox 751 568 1145 610; x_wconf 82' lang='lat' dir='ltr'>exerceamus</span> <span class='ocrx_word' id='word_1_20' title='bbox 1166 550 1197 610; x_wconf 71' lang='lat'>⁶?</span> 
     </span>
    </p>

    <p class='ocr_par' dir='ltr' id='par_1_3' title="bbox 412 645 2461 820">
     <span class='ocr_line' id='line_1_4' title="bbox 534 645 2461 726; baseline 0.001 -20"><span class='ocrx_word' id='word_1_21' title='bbox 534 645 738 721; x_wconf 87' lang='lat' dir='ltr'>Certe,</span> <span class='ocrx_word' id='word_1_22' title='bbox 767 646 820 704; x_wconf 93' lang='lat' dir='ltr'>si</span> <span class='ocrx_word' id='word_1_23' title='bbox 863 645 1020 704; x_wconf 87' lang='lat' dir='ltr'><strong>nihil</strong></span> <span class='ocrx_word' id='word_1_24' title='bbox 1063 646 1304 705; x_wconf 89' lang='lat' dir='ltr'>animus</span> <span class='ocrx_word' id='word_1_25' title='bbox 1348 646 1759 724; x_wconf 79' lang='lat' dir='ltr'>praesentiret</span> <span class='ocrx_word' id='word_1_26' title='bbox 1796 646 1864 703; x_wconf 92' lang='lat' dir='ltr'>in</span> <span class='ocrx_word' id='word_1_27' title='bbox 1907 653 2246 725; x_wconf 90' lang='lat' dir='ltr'>posterum,</span> <span class='ocrx_word' id='word_1_28' title='bbox 2281 656 2348 709; x_wconf 91' lang='lat' dir='ltr'>et</span> <span class='ocrx_word' id='word_1_29' title='bbox 2386 650 2461 726; x_wconf 89' lang='lat' dir='ltr'>si,</span> 
     </span>
     <span class='ocr_line' id='line_1_5' title="bbox 412 741 2461 820; baseline 0.001 -21"><span class='ocrx_word' id='word_1_30' title='bbox 412 742 637 820; x_wconf 91' lang='lat' dir='ltr'>quibus</span> <span class='ocrx_word' id='word_1_31' title='bbox 662 741 1019 820; x_wconf 87' lang='lat' dir='ltr'>regionibus</span> <span class='ocrx_word' id='word_1_32' title='bbox 1043 742 1205 802; x_wconf 87' lang='lat' dir='ltr'>vitae</span> <span class='ocrx_word' id='word_1_33' title='bbox 1232 742 1504 820; x_wconf 89' lang='lat' dir='ltr'>spatium</span> <span class='ocrx_word' id='word_1_34' title='bbox 1530 742 2058 819; x_wconf 87' lang='lat' dir='ltr'>circumscriptum</span> <span class='ocrx_word' id='word_1_35' title='bbox 2086 751 2203 820; x_wconf 89' lang='lat' dir='ltr'>est,</span> <span class='ocrx_word' id='word_1_36' title='bbox 2226 746 2461 804; x_wconf 90' lang='lat' dir='ltr'>eisdem</span> 
     </span>
    </p>

    <p class='ocr_par' dir='ltr' id='par_1_4' title="bbox 359 838 2462 1306">
     <span class='ocr_line' id='line_1_6' title="bbox 359 838 2461 917; baseline 0 -18"><span class='ocrx_word' id='word_1_37' title='bbox 359 855 388 899; x_wconf 77' lang='lat'><strong>5</strong></span> <span class='ocrx_word' id='word_1_38' title='bbox 415 859 626 900; x_wconf 88' lang='lat' dir='ltr'>omnes</span> <span class='ocrx_word' id='word_1_39' title='bbox 653 839 1066 917; x_wconf 86' lang='lat' dir='ltr'>cogitationes</span> <span class='ocrx_word' id='word_1_40' title='bbox 1095 838 1451 898; x_wconf 80' lang='lat' dir='ltr'>terminaret</span> <span class='ocrx_word' id='word_1_41' title='bbox 1478 857 1642 914; x_wconf 90' lang='lat' dir='ltr'>suas,</span> <span class='ocrx_word' id='word_1_42' title='bbox 1671 858 1786 897; x_wconf 92' lang='lat' dir='ltr'>nec</span> <span class='ocrx_word' id='word_1_43' title='bbox 1812 840 2008 897; x_wconf 86' lang='lat' dir='ltr'>tantis</span> <span class='ocrx_word' id='word_1_44' title='bbox 2037 859 2106 900; x_wconf 91' lang='lat' dir='ltr'>se</span> <span class='ocrx_word' id='word_1_45' title='bbox 2143 840 2461 900; x_wconf 84' lang='lat' dir='ltr'>laboribus</span> 
     </span>
     <span class='ocr_line' id='line_1_7' title="bbox 410 934 2460 1015; baseline 0.001 -19"><span class='ocrx_word' id='word_1_46' title='bbox 410 937 723 1015; x_wconf 85' lang='lat' dir='ltr'>frangeret</span> <span class='ocrx_word' id='word_1_47' title='bbox 749 956 949 1012; x_wconf 86' lang='lat' dir='ltr'>neque</span> <span class='ocrx_word' id='word_1_48' title='bbox 977 942 1076 995; x_wconf 90' lang='lat' dir='ltr'>tot</span> <span class='ocrx_word' id='word_1_49' title='bbox 1103 936 1267 995; x_wconf 86' lang='lat' dir='ltr'>curis</span> <span class='ocrx_word' id='word_1_50' title='bbox 1289 934 1638 1014; x_wconf 84' lang='lat' dir='ltr'>vigiliisque</span> <span class='ocrx_word' id='word_1_51' title='bbox 1666 941 2001 1013; x_wconf 86' lang='lat' dir='ltr'>angeretur</span> <span class='ocrx_word' id='word_1_52' title='bbox 2025 957 2140 996; x_wconf 92' lang='lat' dir='ltr'>nec</span> <span class='ocrx_word' id='word_1_53' title='bbox 2160 938 2352 997; x_wconf 86' lang='lat' dir='ltr'>toties</span> <span class='ocrx_word' id='word_1_54' title='bbox 2378 939 2460 998; x_wconf 92' lang='lat' dir='ltr'>de</span> 
     </span>
     <span class='ocr_line' id='line_1_8' title="bbox 411 1031 2462 1113; baseline 0.001 -21"><span class='ocrx_word' id='word_1_55' title='bbox 411 1034 549 1113; x_wconf 89' lang='lat' dir='ltr'>ipsa</span> <span class='ocrx_word' id='word_1_56' title='bbox 576 1035 707 1096; x_wconf 88' lang='lat' dir='ltr'>vita</span> <span class='ocrx_word' id='word_1_57' title='bbox 733 1035 1067 1094; x_wconf 81' lang='lat' dir='ltr'>dimicaret.</span> <span class='ocrx_word' id='word_1_58' title='bbox 1152 1031 1216 1092; x_wconf 87' lang='lat' dir='ltr'>N</span> <span class='ocrx_word' id='word_1_59' title='bbox 1218 1051 1337 1092; x_wconf 90' lang='lat' dir='ltr'>unc</span> <span class='ocrx_word' id='word_1_60' title='bbox 1364 1032 1599 1091; x_wconf 89' lang='lat' dir='ltr'>insidet</span> <span class='ocrx_word' id='word_1_61' title='bbox 1624 1033 1928 1111; x_wconf 85' lang='lat' dir='ltr'>quaedam</span> <span class='ocrx_word' id='word_1_62' title='bbox 1955 1033 2022 1091; x_wconf 92' lang='lat' dir='ltr'>in</span> <span class='ocrx_word' id='word_1_63' title='bbox 2049 1033 2286 1111; x_wconf 88' lang='lat' dir='ltr'>optimo</span> <span class='ocrx_word' id='word_1_64' title='bbox 2313 1055 2462 1113; x_wconf 94' lang='lat' dir='ltr'>quo-</span> 
     </span>
     <span class='ocr_line' id='line_1_9' title="bbox 410 1128 2461 1209; baseline 0 -20"><span class='ocrx_word' id='word_1_65' title='bbox 410 1150 531 1208; x_wconf 93' lang='lat' dir='ltr'>que</span> <span class='ocrx_word' id='word_1_66' title='bbox 552 1132 765 1207; x_wconf 87' lang='lat' dir='ltr'>virtus,</span> <span class='ocrx_word' id='word_1_67' title='bbox 786 1151 945 1209; x_wconf 88' lang='lat' dir='ltr'>quae</span> <span class='ocrx_word' id='word_1_68' title='bbox 964 1136 1180 1190; x_wconf 89' lang='lat' dir='ltr'>noctes</span> <span class='ocrx_word' id='word_1_69' title='bbox 1202 1147 1276 1193; x_wconf 81' lang='lat' dir='ltr'>ac</span> <span class='ocrx_word' id='word_1_70' title='bbox 1304 1129 1440 1188; x_wconf 91' lang='lat' dir='ltr'>dies</span> <span class='ocrx_word' id='word_1_71' title='bbox 1469 1129 1742 1187; x_wconf 90' lang='lat' dir='ltr'>animum</span> <span class='ocrx_word' id='word_1_72' title='bbox 1768 1128 2002 1206; x_wconf 88' lang='lat' dir='ltr'>gloriae</span> <span class='ocrx_word' id='word_1_73' title='bbox 2024 1129 2292 1190; x_wconf 86' lang='lat' dir='ltr'>stimulis</span> <span class='ocrx_word' id='word_1_74' title='bbox 2319 1151 2461 1192; x_wconf 90' lang='lat' dir='ltr'>con-</span> 
     </span>
     <span class='ocr_line' id='line_1_10' title="bbox 411 1226 2460 1306; baseline 0.001 -21"><span class='ocrx_word' id='word_1_75' title='bbox 411 1228 568 1286; x_wconf 82' lang='lat' dir='ltr'>citat</span> <span class='ocrx_word' id='word_1_76' title='bbox 593 1237 778 1306; x_wconf 86' lang='lat' dir='ltr'>atque</span> <span class='ocrx_word' id='word_1_77' title='bbox 807 1228 1117 1303; x_wconf 90' lang='lat' dir='ltr'>admonet,</span> <span class='ocrx_word' id='word_1_78' title='bbox 1145 1246 1268 1286; x_wconf 93' lang='lat' dir='ltr'>non</span> <span class='ocrx_word' id='word_1_79' title='bbox 1297 1246 1436 1285; x_wconf 88' lang='lat' dir='ltr'>cum</span> <span class='ocrx_word' id='word_1_80' title='bbox 1463 1226 1631 1287; x_wconf 85' lang='lat' dir='ltr'>vitae</span> <span class='ocrx_word' id='word_1_81' title='bbox 1660 1232 1938 1304; x_wconf 88' lang='lat' dir='ltr'>tempore</span> <span class='ocrx_word' id='word_1_82' title='bbox 1971 1245 2110 1287; x_wconf 92' lang='lat' dir='ltr'>esse</span> <span class='ocrx_word' id='word_1_83' title='bbox 2137 1227 2460 1288; x_wconf 88' lang='lat' dir='ltr'>dimetien-</span> 
     </span>
    </p>

    <p class='ocr_par' dir='ltr' id='par_1_5' title="bbox 326 1323 2462 1499">
     <span class='ocr_line' id='line_1_11' title="bbox 326 1323 2462 1404; baseline 0.001 -20"><span class='ocrx_word' id='word_1_84' title='bbox 326 1336 389 1384; x_wconf 87' lang='lat' dir='ltr'>lo</span> <span class='ocrx_word' id='word_1_85' title='bbox 412 1323 552 1382; x_wconf 92' lang='lat' dir='ltr'>dam</span> <span class='ocrx_word' id='word_1_86' title='bbox 580 1325 1218 1384; x_wconf 89' lang='lat' dir='ltr'>commemorationem</span> <span class='ocrx_word' id='word_1_87' title='bbox 1254 1323 1521 1383; x_wconf 91' lang='lat' dir='ltr'>nominis</span> <span class='ocrx_word' id='word_1_88' title='bbox 1561 1323 1778 1399; x_wconf 85' lang='lat' dir='ltr'>nostri,</span> <span class='ocrx_word' id='word_1_89' title='bbox 1806 1323 1919 1383; x_wconf 88' lang='lat' dir='ltr'>sed</span> <span class='ocrx_word' id='word_1_90' title='bbox 1946 1342 2084 1382; x_wconf 91' lang='lat' dir='ltr'>cum</span> <span class='ocrx_word' id='word_1_91' title='bbox 2111 1325 2279 1383; x_wconf 91' lang='lat' dir='ltr'>omni</span> <span class='ocrx_word' id='word_1_92' title='bbox 2317 1345 2462 1404; x_wconf 89' lang='lat' dir='ltr'>pos·</span> 
     </span>
     <span class='ocr_line' id='line_1_12' title="bbox 411 1416 1638 1499; baseline 0.001 -18"><span class='ocrx_word' id='word_1_93' title='bbox 411 1421 665 1481; x_wconf 90' lang='lat' dir='ltr'>teritate</span> <span class='ocrx_word' id='word_1_94' title='bbox 692 1421 1171 1499; x_wconf 88' lang='lat' dir='ltr'>adaequandam.</span> <span class='ocrx_word' id='word_1_95' title='bbox 1623 1416 1638 1421; x_wconf 74' lang='grc'><em>”</em></span> 
     </span>
    </p>

    <p class='ocr_par' dir='ltr' id='par_1_6' title="bbox 409 1516 2517 1790">
     <span class='ocr_line' id='line_1_13' title="bbox 530 1516 2456 1596; baseline 0.001 -20"><span class='ocrx_word' id='word_1_96' title='bbox 530 1518 676 1578; x_wconf 90' lang='lat' dir='ltr'>XII.</span> <span class='ocrx_word' id='word_1_97' title='bbox 721 1516 825 1576; x_wconf 87' lang='lat' dir='ltr'>An</span> <span class='ocrx_word' id='word_1_98' title='bbox 854 1538 999 1578; x_wconf 82' lang='lat' dir='ltr'>vero</span> <span class='ocrx_word' id='word_1_99' title='bbox 1046 1524 1175 1577; x_wconf 90' lang='lat' dir='ltr'>tam</span> <span class='ocrx_word' id='word_1_100' title='bbox 1220 1519 1395 1596; x_wconf 88' lang='lat' dir='ltr'>parvi</span> <span class='ocrx_word' id='word_1_101' title='bbox 1440 1517 1629 1576; x_wconf 89' lang='lat' dir='ltr'>animi</span> <span class='ocrx_word' id='word_1_102' title='bbox 1673 1517 1988 1577; x_wconf 88' lang='lat' dir='ltr'>videamur</span> <span class='ocrx_word' id='word_1_103' title='bbox 2034 1536 2173 1577; x_wconf 87' lang='lat' dir='ltr'>esse</span> <span class='ocrx_word' id='word_1_104' title='bbox 2218 1537 2456 1596; x_wconf 81' lang='lat' dir='ltr'>omneS,</span> 
     </span>
     <span class='ocr_line' id='line_1_14' title="bbox 410 1613 2456 1694; baseline 0.001 -21"><span class='ocrx_word' id='word_1_105' title='bbox 410 1616 516 1694; x_wconf 92' lang='lat' dir='ltr'>qui</span> <span class='ocrx_word' id='word_1_106' title='bbox 545 1616 607 1673; x_wconf 90' lang='lat' dir='ltr'>in</span> <span class='ocrx_word' id='word_1_107' title='bbox 635 1636 702 1675; x_wconf 91' lang='lat' dir='ltr'>re</span> <span class='ocrx_word' id='word_1_108' title='bbox 745 1614 989 1693; x_wconf 88' lang='lat' dir='ltr'>publica</span> <span class='ocrx_word' id='word_1_109' title='bbox 1016 1621 1203 1693; x_wconf 89' lang='lat' dir='ltr'>atque</span> <span class='ocrx_word' id='word_1_110' title='bbox 1244 1616 1307 1674; x_wconf 91' lang='lat' dir='ltr'>in</span> <span class='ocrx_word' id='word_1_111' title='bbox 1350 1615 1447 1673; x_wconf 92' lang='lat' dir='ltr'>his</span> <span class='ocrx_word' id='word_1_112' title='bbox 1477 1615 1639 1675; x_wconf 88' lang='lat' dir='ltr'>vitae</span> <span class='ocrx_word' id='word_1_113' title='bbox 1684 1613 1977 1693; x_wconf 91' lang='lat' dir='ltr'>periculis</span> <span class='ocrx_word' id='word_1_114' title='bbox 2018 1613 2456 1693; x_wconf 89' lang='lat' dir='ltr'>laboribusque</span> 
     </span>
     <span class='ocr_line' id='line_1_15' title="bbox 409 1710 2517 1790; baseline -0.002 -17"><span class='ocrx_word' id='word_1_115' title='bbox 409 1732 740 1789; x_wconf 87' lang='lat' dir='ltr'>versamur,</span> <span class='ocrx_word' id='word_1_116' title='bbox 782 1717 871 1787; x_wconf 91' lang='lat' dir='ltr'>ut,</span> <span class='ocrx_word' id='word_1_117' title='bbox 913 1732 1102 1790; x_wconf 93' lang='lat' dir='ltr'>quum</span> <span class='ocrx_word' id='word_1_118' title='bbox 1146 1731 1340 1789; x_wconf 91' lang='lat' dir='ltr'>usque</span> <span class='ocrx_word' id='word_1_119' title='bbox 1387 1710 1467 1770; x_wconf 90' lang='lat' dir='ltr'>ad</span> <span class='ocrx_word' id='word_1_120' title='bbox 1511 1717 1854 1775; x_wconf 84' lang='lat' dir='ltr'>extremum</span> <span class='ocrx_word' id='word_1_121' title='bbox 1898 1710 2171 1788; x_wconf 85' lang='lat' dir='ltr'>spatium</span> <span class='ocrx_word' id='word_1_122' title='bbox 2214 1710 2456 1769; x_wconf 88' lang='lat' dir='ltr'>nullum</span> <span class='ocrx_word' id='word_1_123' title='bbox 2513 1749 2517 1754; x_wconf 92' lang='lat'><em>-</em></span> 
     </span>
    </p>

    <p class='ocr_par' dir='ltr' id='par_1_7' title="bbox 324 1807 2534 2275">
     <span class='ocr_line' id='line_1_16' title="bbox 324 1807 2457 1889; baseline -0.001 -19"><span class='ocrx_word' id='word_1_124' title='bbox 324 1822 384 1870; x_wconf 80' lang='lat'>15</span> <span class='ocrx_word' id='word_1_125' title='bbox 411 1809 804 1889; x_wconf 88' lang='lat' dir='ltr'>tranquillum</span> <span class='ocrx_word' id='word_1_126' title='bbox 846 1816 1034 1888; x_wconf 90' lang='lat' dir='ltr'>atque</span> <span class='ocrx_word' id='word_1_127' title='bbox 1078 1810 1348 1869; x_wconf 91' lang='lat' dir='ltr'>otiosum</span> <span class='ocrx_word' id='word_1_128' title='bbox 1395 1809 1677 1887; x_wconf 90' lang='lat' dir='ltr'>spiritum</span> <span class='ocrx_word' id='word_1_129' title='bbox 1719 1807 2094 1882; x_wconf 81' lang='lat' dir='ltr'>duxerimuS,</span> <span class='ocrx_word' id='word_1_130' title='bbox 2135 1807 2457 1867; x_wconf 88' lang='lat' dir='ltr'>nobiscum</span> 
     </span>
     <span class='ocr_line' id='line_1_17' title="bbox 411 1904 2455 1983; baseline -0.001 -16"><span class='ocrx_word' id='word_1_131' title='bbox 411 1908 591 1967; x_wconf 92' lang='lat' dir='ltr'>simul</span> <span class='ocrx_word' id='word_1_132' title='bbox 612 1909 909 1968; x_wconf 89' lang='lat' dir='ltr'>moritura</span> <span class='ocrx_word' id='word_1_133' title='bbox 932 1907 1138 1967; x_wconf 86' lang='lat' dir='ltr'>omnia</span> <span class='ocrx_word' id='word_1_134' title='bbox 1160 1906 1524 1965; x_wconf 83' lang='lat' dir='ltr'>arbitremur</span> <span class='ocrx_word' id='word_1_135' title='bbox 1541 1907 1572 1966; x_wconf 76' lang='lat'>⁶?</span> <span class='ocrx_word' id='word_1_136' title='bbox 1652 1904 1758 1965; x_wconf 91' lang='lat' dir='ltr'>An</span> <span class='ocrx_word' id='word_1_137' title='bbox 1779 1911 2019 1965; x_wconf 90' lang='lat' dir='ltr'>statuas</span> <span class='ocrx_word' id='word_1_138' title='bbox 2040 1909 2106 1965; x_wconf 91' lang='lat' dir='ltr'>et</span> <span class='ocrx_word' id='word_1_139' title='bbox 2127 1905 2455 1983; x_wconf 82' lang='lat' dir='ltr'>imagineS,</span> 
     </span>
     <span class='ocr_line' id='line_1_18' title="bbox 408 2001 2458 2081; baseline -0.002 -17"><span class='ocrx_word' id='word_1_140' title='bbox 408 2025 528 2064; x_wconf 91' lang='lat' dir='ltr'>non</span> <span class='ocrx_word' id='word_1_141' title='bbox 558 2007 896 2065; x_wconf 90' lang='lat' dir='ltr'>animorum</span> <span class='ocrx_word' id='word_1_142' title='bbox 925 2004 1264 2079; x_wconf 90' lang='lat' dir='ltr'>simulacra,</span> <span class='ocrx_word' id='word_1_143' title='bbox 1287 2003 1399 2062; x_wconf 91' lang='lat' dir='ltr'>sed</span> <span class='ocrx_word' id='word_1_144' title='bbox 1420 2022 1757 2081; x_wconf 87' lang='lat' dir='ltr'>corporum,</span> <span class='ocrx_word' id='word_1_145' title='bbox 1781 2002 2056 2062; x_wconf 87' lang='lat' dir='ltr'>studiose</span> <span class='ocrx_word' id='word_1_146' title='bbox 2081 2001 2267 2060; x_wconf 90' lang='lat' dir='ltr'>multi</span> <span class='ocrx_word' id='word_1_147' title='bbox 2294 2022 2458 2061; x_wconf 91' lang='lat' dir='ltr'>sum-</span> 
     </span>
     <span class='ocr_line' id='line_1_19' title="bbox 407 2099 2518 2184; baseline 0 -25"><span class='ocrx_word' id='word_1_148' title='bbox 407 2102 491 2159; x_wconf 91' lang='lat' dir='ltr'>mi</span> <span class='ocrx_word' id='word_1_149' title='bbox 516 2100 794 2161; x_wconf 92' lang='lat' dir='ltr'>homines</span> <span class='ocrx_word' id='word_1_150' title='bbox 814 2099 1193 2177; x_wconf 91' lang='lat' dir='ltr'>reliquerunt</span> <span class='ocrx_word' id='word_1_151' title='bbox 1215 2121 1231 2176; x_wconf 85' lang='lat'><em>3</em></span> <span class='ocrx_word' id='word_1_152' title='bbox 1274 2099 1668 2160; x_wconf 88' lang='lat' dir='ltr'>consiliorum</span> <span class='ocrx_word' id='word_1_153' title='bbox 1689 2099 2034 2178; x_wconf 88' lang='lat' dir='ltr'>relinquere</span> <span class='ocrx_word' id='word_1_154' title='bbox 2057 2119 2128 2160; x_wconf 88' lang='lat' dir='ltr'>ac</span> <span class='ocrx_word' id='word_1_155' title='bbox 2147 2099 2454 2162; x_wconf 87' lang='lat' dir='ltr'>virtutum</span> <span class='ocrx_word' id='word_1_156' title='bbox 2511 2180 2518 2184; x_wconf 85' lang='lat'>.</span> 
     </span>
     <span class='ocr_line' id='line_1_20' title="bbox 406 2197 2534 2275; baseline 0 -18"><span class='ocrx_word' id='word_1_157' title='bbox 406 2204 753 2257; x_wconf 89' lang='lat' dir='ltr'>nostrarum</span> <span class='ocrx_word' id='word_1_158' title='bbox 780 2197 1045 2275; x_wconf 89' lang='lat' dir='ltr'>effigiem</span> <span class='ocrx_word' id='word_1_159' title='bbox 1072 2217 1276 2257; x_wconf 89' lang='lat' dir='ltr'>nonne</span> <span class='ocrx_word' id='word_1_160' title='bbox 1305 2197 1502 2257; x_wconf 89' lang='lat' dir='ltr'>multo</span> <span class='ocrx_word' id='word_1_161' title='bbox 1528 2197 1711 2257; x_wconf 89' lang='lat' dir='ltr'>malle</span> <span class='ocrx_word' id='word_1_162' title='bbox 1739 2198 2055 2274; x_wconf 82' lang='lat' dir='ltr'>debemuS‚</span> <span class='ocrx_word' id='word_1_163' title='bbox 2085 2199 2338 2257; x_wconf 91' lang='lat' dir='ltr'>summis</span> <span class='ocrx_word' id='word_1_164' title='bbox 2365 2199 2456 2257; x_wconf 91' lang='lat' dir='ltr'>in-</span> <span class='ocrx_word' id='word_1_165' title='bbox 2531 2245 2534 2248; x_wconf 88' lang='lat'>.</span> 
     </span>
    </p>

    <p class='ocr_par' dir='ltr' id='par_1_8' title="bbox 320 2292 2457 2762">
     <span class='ocr_line' id='line_1_21' title="bbox 320 2292 2457 2373; baseline 0.001 -21"><span class='ocrx_word' id='word_1_166' title='bbox 320 2305 385 2353; x_wconf 86' lang='lat'>20</span> <span class='ocrx_word' id='word_1_167' title='bbox 407 2294 609 2373; x_wconf 90' lang='lat' dir='ltr'>geniis</span> <span class='ocrx_word' id='word_1_168' title='bbox 636 2313 989 2372; x_wconf 84' lang='lat' dir='ltr'>expressam</span> <span class='ocrx_word' id='word_1_169' title='bbox 1016 2299 1082 2352; x_wconf 90' lang='lat' dir='ltr'>et</span> <span class='ocrx_word' id='word_1_170' title='bbox 1108 2292 1368 2371; x_wconf 86' lang='lat' dir='ltr'>politam</span> <span class='ocrx_word' id='word_1_171' title='bbox 1387 2295 1418 2354; x_wconf 75' lang='lat'>⁶?</span> <span class='ocrx_word' id='word_1_172' title='bbox 1501 2293 1642 2373; x_wconf 88' lang='lat' dir='ltr'>Ego</span> <span class='ocrx_word' id='word_1_173' title='bbox 1672 2314 1816 2354; x_wconf 87' lang='lat' dir='ltr'>vero</span> <span class='ocrx_word' id='word_1_174' title='bbox 1846 2295 2067 2370; x_wconf 88' lang='lat' dir='ltr'>omnia,</span> <span class='ocrx_word' id='word_1_175' title='bbox 2095 2314 2257 2372; x_wconf 88' lang='lat' dir='ltr'>quae</span> <span class='ocrx_word' id='word_1_176' title='bbox 2282 2314 2457 2373; x_wconf 89' lang='lat' dir='ltr'>gere·</span> 
     </span>
     <span class='ocr_line' id='line_1_22' title="bbox 407 2387 2455 2469; baseline 0 -20"><span class='ocrx_word' id='word_1_177' title='bbox 407 2390 567 2466; x_wconf 88' lang='lat' dir='ltr'>bam,</span> <span class='ocrx_word' id='word_1_178' title='bbox 588 2387 722 2467; x_wconf 85' lang='lat' dir='ltr'>jam</span> <span class='ocrx_word' id='word_1_179' title='bbox 748 2397 883 2448; x_wconf 87' lang='lat' dir='ltr'>tum</span> <span class='ocrx_word' id='word_1_180' title='bbox 911 2390 976 2448; x_wconf 90' lang='lat' dir='ltr'>in</span> <span class='ocrx_word' id='word_1_181' title='bbox 1015 2390 1289 2466; x_wconf 88' lang='lat' dir='ltr'>gerendo</span> <span class='ocrx_word' id='word_1_182' title='bbox 1322 2410 1611 2469; x_wconf 88' lang='lat' dir='ltr'>spargere</span> <span class='ocrx_word' id='word_1_183' title='bbox 1640 2410 1740 2450; x_wconf 90' lang='lat' dir='ltr'>me</span> <span class='ocrx_word' id='word_1_184' title='bbox 1769 2411 1840 2450; x_wconf 86' lang='lat' dir='ltr'>ac</span> <span class='ocrx_word' id='word_1_185' title='bbox 1870 2391 2269 2451; x_wconf 88' lang='lat' dir='ltr'>disseminare</span> <span class='ocrx_word' id='word_1_186' title='bbox 2298 2391 2455 2450; x_wconf 89' lang='lat' dir='ltr'>arbi-</span> 
     </span>
     <span class='ocr_line' id='line_1_23' title="bbox 405 2486 2454 2567; baseline 0 -21"><span class='ocrx_word' id='word_1_187' title='bbox 405 2486 614 2546; x_wconf 89' lang='lat' dir='ltr'>trabar</span> <span class='ocrx_word' id='word_1_188' title='bbox 638 2487 703 2545; x_wconf 92' lang='lat' dir='ltr'>in</span> <span class='ocrx_word' id='word_1_189' title='bbox 731 2486 895 2546; x_wconf 93' lang='lat' dir='ltr'>orbis</span> <span class='ocrx_word' id='word_1_190' title='bbox 938 2493 1136 2546; x_wconf 88' lang='lat' dir='ltr'>terrae</span> <span class='ocrx_word' id='word_1_191' title='bbox 1163 2487 1520 2546; x_wconf 88' lang='lat' dir='ltr'>memoriam</span> <span class='ocrx_word' id='word_1_192' title='bbox 1563 2488 2014 2567; x_wconf 88' lang='lat' dir='ltr'>sempiternam.</span> <span class='ocrx_word' id='word_1_193' title='bbox 2100 2486 2279 2547; x_wconf 89' lang='lat' dir='ltr'>Haec</span> <span class='ocrx_word' id='word_1_194' title='bbox 2306 2507 2454 2548; x_wconf 87' lang='lat' dir='ltr'>vero</span> 
     </span>
     <span class='ocr_line' id='line_1_24' title="bbox 408 2584 2453 2663; baseline -0.001 -18"><span class='ocrx_word' id='word_1_195' title='bbox 408 2585 537 2645; x_wconf 88' lang='lat' dir='ltr'>sive</span> <span class='ocrx_word' id='word_1_196' title='bbox 564 2605 601 2643; x_wconf 89' lang='lat' dir='ltr'>a</span> <span class='ocrx_word' id='word_1_197' title='bbox 627 2605 767 2645; x_wconf 89' lang='lat' dir='ltr'>meo</span> <span class='ocrx_word' id='word_1_198' title='bbox 795 2604 980 2644; x_wconf 88' lang='lat' dir='ltr'>sensu</span> <span class='ocrx_word' id='word_1_199' title='bbox 1007 2591 1153 2662; x_wconf 89' lang='lat' dir='ltr'>post</span> <span class='ocrx_word' id='word_1_200' title='bbox 1180 2591 1441 2644; x_wconf 89' lang='lat' dir='ltr'>mortem</span> <span class='ocrx_word' id='word_1_201' title='bbox 1469 2584 1758 2643; x_wconf 87' lang='lat' dir='ltr'>abfutura</span> <span class='ocrx_word' id='word_1_202' title='bbox 1786 2591 1902 2661; x_wconf 91' lang='lat' dir='ltr'>est,</span> <span class='ocrx_word' id='word_1_203' title='bbox 1932 2585 2084 2660; x_wconf 89' lang='lat' dir='ltr'>sive,</span> <span class='ocrx_word' id='word_1_204' title='bbox 2113 2589 2186 2642; x_wconf 91' lang='lat' dir='ltr'>ut</span> <span class='ocrx_word' id='word_1_205' title='bbox 2213 2585 2453 2663; x_wconf 89' lang='lat' dir='ltr'>sapien·</span> 
     </span>
     <span class='ocr_line' id='line_1_25' title="bbox 407 2680 2454 2762; baseline -0.001 -19"><span class='ocrx_word' id='word_1_206' title='bbox 407 2683 632 2743; x_wconf 88' lang='lat' dir='ltr'>tissimi</span> <span class='ocrx_word' id='word_1_207' title='bbox 650 2683 928 2744; x_wconf 89' lang='lat' dir='ltr'>homines</span> <span class='ocrx_word' id='word_1_208' title='bbox 955 2687 1348 2762; x_wconf 87' lang='lat' dir='ltr'>putaverunt,</span> <span class='ocrx_word' id='word_1_209' title='bbox 1373 2682 1453 2740; x_wconf 89' lang='lat' dir='ltr'>ad</span> <span class='ocrx_word' id='word_1_210' title='bbox 1474 2681 1743 2760; x_wconf 88' lang='lat' dir='ltr'>aliquam</span> <span class='ocrx_word' id='word_1_211' title='bbox 1770 2680 1894 2741; x_wconf 90' lang='lat' dir='ltr'>mei</span> <span class='ocrx_word' id='word_1_212' title='bbox 1922 2690 2159 2759; x_wconf 86' lang='lat' dir='ltr'>partem</span> <span class='ocrx_word' id='word_1_213' title='bbox 2186 2683 2454 2759; x_wconf 87' lang='lat' dir='ltr'>pertine-</span> 
     </span>
    </p>

    <p class='ocr_par' dir='ltr' id='par_1_9' title="bbox 319 2777 2447 2858">
     <span class='ocr_line' id='line_1_26' title="bbox 319 2777 2447 2858; baseline 0 -20"><span class='ocrx_word' id='word_1_214' title='bbox 319 2790 382 2838; x_wconf 77' lang='lat'>25</span> <span class='ocrx_word' id='word_1_215' title='bbox 407 2781 520 2856; x_wconf 90' lang='lat' dir='ltr'>bit,</span> <span class='ocrx_word' id='word_1_216' title='bbox 541 2801 704 2841; x_wconf 90' lang='lat' dir='ltr'>nunc</span> <span class='ocrx_word' id='word_1_217' title='bbox 733 2781 979 2858; x_wconf 91' lang='lat' dir='ltr'>quidem</span> <span class='ocrx_word' id='word_1_218' title='bbox 1006 2787 1172 2840; x_wconf 85' lang='lat' dir='ltr'>certe</span> <span class='ocrx_word' id='word_1_219' title='bbox 1201 2779 1581 2858; x_wconf 88' lang='lat' dir='ltr'>cogitatione</span> <span class='ocrx_word' id='word_1_220' title='bbox 1602 2778 1867 2856; x_wconf 89' lang='lat' dir='ltr'>quadam</span> <span class='ocrx_word' id='word_1_221' title='bbox 1895 2798 2126 2856; x_wconf 88' lang='lat' dir='ltr'>speque</span> <span class='ocrx_word' id='word_1_222' title='bbox 2155 2777 2447 2842; x_wconf 73' lang='lat' dir='ltr'>delector.</span> 
     </span>
    </p>

    <p class='ocr_par' dir='ltr' id='par_1_10' title="bbox 401 2874 2453 3245">
     <span class='ocr_line' id='line_1_27' title="bbox 528 2874 2453 2955; baseline -0.001 -21"><span class='ocrx_word' id='word_1_223' title='bbox 528 2874 734 2950; x_wconf 87' lang='lat' dir='ltr'>Quare</span> <span class='ocrx_word' id='word_1_224' title='bbox 774 2882 1155 2952; x_wconf 88' lang='lat' dir='ltr'>conservate,</span> <span class='ocrx_word' id='word_1_225' title='bbox 1195 2877 1454 2955; x_wconf 81' lang='lat' dir='ltr'>judiceS,</span> <span class='ocrx_word' id='word_1_226' title='bbox 1498 2874 1808 2935; x_wconf 89' lang='lat' dir='ltr'>hominem</span> <span class='ocrx_word' id='word_1_227' title='bbox 1850 2875 2088 2952; x_wconf 88' lang='lat' dir='ltr'>pudore</span> <span class='ocrx_word' id='word_1_228' title='bbox 2135 2894 2232 2951; x_wconf 91' lang='lat' dir='ltr'>e0‚</span> <span class='ocrx_word' id='word_1_229' title='bbox 2268 2895 2453 2952; x_wconf 90' lang='lat' dir='ltr'>quem</span> 
     </span>
     <span class='ocr_line' id='line_1_28' title="bbox 407 2972 2452 3051; baseline -0 -19"><span class='ocrx_word' id='word_1_230' title='bbox 407 2973 736 3032; x_wconf 88' lang='lat' dir='ltr'>amicorum</span> <span class='ocrx_word' id='word_1_231' title='bbox 779 2973 1005 3031; x_wconf 91' lang='lat' dir='ltr'>videtis</span> <span class='ocrx_word' id='word_1_232' title='bbox 1051 2973 1435 3049; x_wconf 89' lang='lat' dir='ltr'>comprobari</span> <span class='ocrx_word' id='word_1_233' title='bbox 1484 2992 1674 3051; x_wconf 93' lang='lat' dir='ltr'>quum</span> <span class='ocrx_word' id='word_1_234' title='bbox 1716 2972 2030 3050; x_wconf 85' lang='lat' dir='ltr'>dignitate</span> <span class='ocrx_word' id='word_1_235' title='bbox 2077 2978 2212 3029; x_wconf 90' lang='lat' dir='ltr'>tum</span> <span class='ocrx_word' id='word_1_236' title='bbox 2260 2972 2452 3032; x_wconf 88' lang='lat' dir='ltr'>etiam</span> 
     </span>
     <span class='ocr_line' id='line_1_29' title="bbox 401 3061 2452 3148; baseline -0.002 -16"><span class='ocrx_word' id='word_1_237' title='bbox 401 3061 758 3144; x_wconf 38' lang='lat' dir='ltr'>&amp;etustate3</span> <span class='ocrx_word' id='word_1_238' title='bbox 798 3069 1047 3146; x_wconf 90' lang='lat' dir='ltr'>ingenio</span> <span class='ocrx_word' id='word_1_239' title='bbox 1093 3075 1301 3129; x_wconf 87' lang='lat' dir='ltr'>autem</span> <span class='ocrx_word' id='word_1_240' title='bbox 1349 3075 1547 3146; x_wconf 88' lang='lat' dir='ltr'>tanto,</span> <span class='ocrx_word' id='word_1_241' title='bbox 1575 3075 1875 3148; x_wconf 90' lang='lat' dir='ltr'>quantum</span> <span class='ocrx_word' id='word_1_242' title='bbox 1909 3068 1977 3127; x_wconf 92' lang='lat' dir='ltr'>id</span> <span class='ocrx_word' id='word_1_243' title='bbox 2017 3069 2307 3128; x_wconf 87' lang='lat' dir='ltr'>convenit</span> <span class='ocrx_word' id='word_1_244' title='bbox 2351 3089 2452 3129; x_wconf 86' lang='lat' dir='ltr'>ex-</span> 
     </span>
     <span class='ocr_line' id='line_1_30' title="bbox 405 3165 2451 3245; baseline 0 -20"><span class='ocrx_word' id='word_1_245' title='bbox 405 3166 683 3241; x_wconf 87' lang='lat' dir='ltr'>istimari,</span> <span class='ocrx_word' id='word_1_246' title='bbox 704 3165 869 3243; x_wconf 92' lang='lat' dir='ltr'>quod</span> <span class='ocrx_word' id='word_1_247' title='bbox 897 3184 1269 3225; x_wconf 89' lang='lat' dir='ltr'>summorum</span> <span class='ocrx_word' id='word_1_248' title='bbox 1296 3166 1616 3226; x_wconf 88' lang='lat' dir='ltr'>hominum</span> <span class='ocrx_word' id='word_1_249' title='bbox 1642 3166 1913 3245; x_wconf 89' lang='lat' dir='ltr'>ingeniis</span> <span class='ocrx_word' id='word_1_250' title='bbox 1935 3166 2286 3243; x_wconf 87' lang='lat' dir='ltr'>expetitum</span> <span class='ocrx_word' id='word_1_251' title='bbox 2314 3185 2451 3226; x_wconf 88' lang='lat' dir='ltr'>esse</span> 
     </span>
    </p>

    <p class='ocr_par' dir='ltr' id='par_1_11' title="bbox 318 3262 2451 3726">
     <span class='ocr_line' id='line_1_31' title="bbox 318 3262 2449 3342; baseline -0 -21"><span class='ocrx_word' id='word_1_252' title='bbox 318 3274 383 3321; x_wconf 82' lang='grc'>30</span> <span class='ocrx_word' id='word_1_253' title='bbox 406 3262 668 3324; x_wconf 84' lang='lat' dir='ltr'>videatis</span> <span class='ocrx_word' id='word_1_254' title='bbox 689 3283 707 3337; x_wconf 91' lang='lat'>;</span> <span class='ocrx_word' id='word_1_255' title='bbox 749 3281 934 3322; x_wconf 88' lang='lat' dir='ltr'>causa</span> <span class='ocrx_word' id='word_1_256' title='bbox 954 3282 1099 3323; x_wconf 88' lang='lat' dir='ltr'>vero</span> <span class='ocrx_word' id='word_1_257' title='bbox 1122 3263 1257 3342; x_wconf 86' lang='lat' dir='ltr'>ejus</span> <span class='ocrx_word' id='word_1_258' title='bbox 1286 3263 1471 3338; x_wconf 90' lang='lat' dir='ltr'>modi,</span> <span class='ocrx_word' id='word_1_259' title='bbox 1493 3282 1651 3340; x_wconf 92' lang='lat' dir='ltr'>quae</span> <span class='ocrx_word' id='word_1_260' title='bbox 1677 3262 1976 3323; x_wconf 89' lang='lat' dir='ltr'>beneficio</span> <span class='ocrx_word' id='word_1_261' title='bbox 1995 3262 2173 3340; x_wconf 92' lang='lat' dir='ltr'>legis,</span> <span class='ocrx_word' id='word_1_262' title='bbox 2191 3263 2449 3321; x_wconf 86' lang='lat' dir='ltr'>auctori·</span> 
     </span>
     <span class='ocr_line' id='line_1_32' title="bbox 404 3357 2451 3436; baseline -0 -18"><span class='ocrx_word' id='word_1_263' title='bbox 404 3364 539 3419; x_wconf 88' lang='lat' dir='ltr'>tate</span> <span class='ocrx_word' id='word_1_264' title='bbox 579 3358 913 3436; x_wconf 88' lang='lat' dir='ltr'>municipii,</span> <span class='ocrx_word' id='word_1_265' title='bbox 945 3360 1301 3419; x_wconf 85' lang='lat' dir='ltr'>testimonio</span> <span class='ocrx_word' id='word_1_266' title='bbox 1341 3357 1599 3434; x_wconf 88' lang='lat' dir='ltr'>Luculli,</span> <span class='ocrx_word' id='word_1_267' title='bbox 1628 3359 1860 3418; x_wconf 90' lang='lat' dir='ltr'>tabulis</span> <span class='ocrx_word' id='word_1_268' title='bbox 1902 3357 2140 3418; x_wconf 86' lang='lat' dir='ltr'>Metelli</span> <span class='ocrx_word' id='word_1_269' title='bbox 2180 3377 2451 3436; x_wconf 89' lang='lat' dir='ltr'>compro·</span> 
     </span>
     <span class='ocr_line' id='line_1_33' title="bbox 407 3454 2446 3534; baseline -0.002 -17"><span class='ocrx_word' id='word_1_270' title='bbox 407 3458 602 3517; x_wconf 90' lang='lat' dir='ltr'>betur.</span> <span class='ocrx_word' id='word_1_271' title='bbox 687 3454 863 3529; x_wconf 83' lang='lat' dir='ltr'>Quae</span> <span class='ocrx_word' id='word_1_272' title='bbox 907 3474 1095 3532; x_wconf 90' lang='lat' dir='ltr'>quum</span> <span class='ocrx_word' id='word_1_273' title='bbox 1138 3456 1230 3515; x_wconf 87' lang='lat' dir='ltr'>ita</span> <span class='ocrx_word' id='word_1_274' title='bbox 1275 3456 1422 3532; x_wconf 88' lang='lat' dir='ltr'>sint,</span> <span class='ocrx_word' id='word_1_275' title='bbox 1462 3456 1735 3534; x_wconf 87' lang='lat' dir='ltr'>petimus</span> <span class='ocrx_word' id='word_1_276' title='bbox 1779 3476 1818 3515; x_wconf 91' lang='lat' dir='ltr'>a</span> <span class='ocrx_word' id='word_1_277' title='bbox 1859 3455 2053 3530; x_wconf 80' lang='lat' dir='ltr'>vobiS,</span> <span class='ocrx_word' id='word_1_278' title='bbox 2092 3454 2356 3533; x_wconf 81' lang='lat' dir='ltr'>judiceS,</span> <span class='ocrx_word' id='word_1_279' title='bbox 2398 3454 2446 3513; x_wconf 87' lang='lat' dir='ltr'>si</span> 
     </span>
     <span class='ocr_line' id='line_1_34' title="bbox 407 3550 2447 3632; baseline -0.001 -20"><span class='ocrx_word' id='word_1_280' title='bbox 407 3575 528 3632; x_wconf 88' lang='lat' dir='ltr'>qua</span> <span class='ocrx_word' id='word_1_281' title='bbox 547 3573 671 3612; x_wconf 93' lang='lat' dir='ltr'>non</span> <span class='ocrx_word' id='word_1_282' title='bbox 693 3552 878 3612; x_wconf 90' lang='lat' dir='ltr'>modo</span> <span class='ocrx_word' id='word_1_283' title='bbox 907 3552 1191 3628; x_wconf 88' lang='lat' dir='ltr'>humana,</span> <span class='ocrx_word' id='word_1_284' title='bbox 1213 3571 1425 3612; x_wconf 88' lang='lat' dir='ltr'>verum</span> <span class='ocrx_word' id='word_1_285' title='bbox 1446 3552 1636 3612; x_wconf 89' lang='lat' dir='ltr'>etiam</span> <span class='ocrx_word' id='word_1_286' title='bbox 1656 3553 1862 3613; x_wconf 89' lang='lat' dir='ltr'>divina</span> <span class='ocrx_word' id='word_1_287' title='bbox 1884 3553 1949 3610; x_wconf 92' lang='lat' dir='ltr'>in</span> <span class='ocrx_word' id='word_1_288' title='bbox 1970 3551 2161 3610; x_wconf 87' lang='lat' dir='ltr'>tantis</span> <span class='ocrx_word' id='word_1_289' title='bbox 2179 3550 2447 3629; x_wconf 89' lang='lat' dir='ltr'>ingeniis</span> 
     </span>
     <span class='ocr_line' id='line_1_35' title="bbox 408 3648 2447 3726; baseline -0.003 -16"><span class='ocrx_word' id='word_1_290' title='bbox 408 3649 856 3710; x_wconf 88' lang='lat' dir='ltr'>commendatio</span> <span class='ocrx_word' id='word_1_291' title='bbox 901 3648 1089 3708; x_wconf 89' lang='lat' dir='ltr'>debet</span> <span class='ocrx_word' id='word_1_292' title='bbox 1131 3668 1288 3725; x_wconf 89' lang='lat' dir='ltr'>esse,</span> <span class='ocrx_word' id='word_1_293' title='bbox 1316 3655 1389 3707; x_wconf 89' lang='lat' dir='ltr'>ut</span> <span class='ocrx_word' id='word_1_294' title='bbox 1430 3668 1590 3724; x_wconf 90' lang='lat' dir='ltr'>eum,</span> <span class='ocrx_word' id='word_1_295' title='bbox 1618 3650 1726 3726; x_wconf 91' lang='lat' dir='ltr'>qui</span> <span class='ocrx_word' id='word_1_296' title='bbox 1767 3668 1898 3725; x_wconf 87' lang='lat' dir='ltr'>vos,</span> <span class='ocrx_word' id='word_1_297' title='bbox 1926 3648 2033 3725; x_wconf 93' lang='lat' dir='ltr'>qui</span> <span class='ocrx_word' id='word_1_298' title='bbox 2062 3652 2303 3708; x_wconf 83' lang='lat' dir='ltr'>vestros</span> <span class='ocrx_word' id='word_1_299' title='bbox 2343 3648 2447 3704; x_wconf 87' lang='lat' dir='ltr'>im-</span> 
     </span>
    </p>

    <p class='ocr_par' dir='ltr' id='par_1_12' title="bbox 318 3743 2449 3931">
     <span class='ocr_line' id='line_1_36' title="bbox 318 3743 2447 3826; baseline -0.003 -20"><span class='ocrx_word' id='word_1_300' title='bbox 318 3756 382 3806; x_wconf 80' lang='lat'>85</span> <span class='ocrx_word' id='word_1_301' title='bbox 406 3753 744 3826; x_wconf 89' lang='lat' dir='ltr'>peratores,</span> <span class='ocrx_word' id='word_1_302' title='bbox 787 3745 893 3824; x_wconf 92' lang='lat' dir='ltr'>qui</span> <span class='ocrx_word' id='word_1_303' title='bbox 936 3744 1154 3825; x_wconf 91' lang='lat' dir='ltr'>populi</span> <span class='ocrx_word' id='word_1_304' title='bbox 1198 3744 1461 3805; x_wconf 88' lang='lat' dir='ltr'>Romani</span> <span class='ocrx_word' id='word_1_305' title='bbox 1500 3765 1597 3804; x_wconf 92' lang='lat' dir='ltr'>res</span> <span class='ocrx_word' id='word_1_306' title='bbox 1645 3751 1857 3823; x_wconf 88' lang='lat' dir='ltr'>gestas</span> <span class='ocrx_word' id='word_1_307' title='bbox 1898 3764 2144 3822; x_wconf 87' lang='lat' dir='ltr'>semper</span> <span class='ocrx_word' id='word_1_308' title='bbox 2182 3743 2447 3820; x_wconf 84' lang='lat' dir='ltr'>ornavit,</span> 
     </span>
     <span class='ocr_line' id='line_1_37' title="bbox 410 3840 2449 3931; baseline -0.001 -31"><span class='ocrx_word' id='word_1_309' title='bbox 410 3843 513 3920; x_wconf 91' lang='lat' dir='ltr'>qui</span> <span class='ocrx_word' id='word_1_310' title='bbox 535 3843 720 3900; x_wconf 87' lang='lat' dir='ltr'>etiam</span> <span class='ocrx_word' id='word_1_311' title='bbox 736 3841 833 3900; x_wconf 90' lang='lat' dir='ltr'>bis</span> <span class='ocrx_word' id='word_1_312' title='bbox 850 3842 1199 3901; x_wconf 87' lang='lat' dir='ltr'>recentibus</span> <span class='ocrx_word' id='word_1_313' title='bbox 1222 3841 1451 3900; x_wconf 87' lang='lat' dir='ltr'>nostris</span> <span class='ocrx_word' id='word_1_314' title='bbox 1468 3842 1810 3919; x_wconf 88' lang='lat' dir='ltr'>vestrisque</span> <span class='ocrx_word' id='word_1_315' title='bbox 1832 3840 2187 3900; x_wconf 90' lang='lat' dir='ltr'>domesticis</span> <span class='ocrx_word' id='word_1_316' title='bbox 2211 3840 2449 3931; x_wconf 77' lang='lat' dir='ltr'>pericu-</span> 
     </span>
    </p>
   </div>
  </div>
 </body>
</html>
