2725 4299
692 235 779 283 DE
825 234 1104 284 IMPERIO
1151 234 1250 285 GN.
1285 235 1560 286 POMPEII
1604 235 1861 286 ORATIO.
2275 240 2351 301 75

197 403 269 455 et
314 396 647 474 Tigranem
694 396 934 473 magnis
978 397 1169 473 copiis
1212 397 1606 457 minitantem
1653 395 1848 457 Asiae
1890 398 2246 459 retardavit.

198 492 288 560 Et
337 492 664 569 quisquam
710 491 1044 567 dubitabit,
1088 493 1236 569 quid
1293 493 1525 553 virtute
1573 495 1950 571 perfecturus
1997 495 2099 570 sit,
2142 495 2249 573 qui

197 595 449 646 tantum
504 587 874 646 auctoritate
929 589 1258 666 perfecerit
1274 591 1304 649 ⁴?
1373 595 1483 646 aut
1530 609 1713 667 quam
1767 589 1946 648 facile
1994 591 2249 669 imperio

197 691 392 762 atque
437 684 716 743 exercitu
759 685 958 743 socios
1006 693 1072 744 et
1114 685 1450 763 vectigalia
1499 692 1966 746 conservaturus
2015 689 2117 763 sit,
2146 689 2250 765 qui

198 784 340 860 ipso
367 780 616 840 nomine
644 800 716 840 ae
742 800 983 840 rumore
1012 782 1360 841 defenderit
1378 783 1408 841 ?
2278 799 2307 844 5

325 877 507 937 XVI.
552 875 696 956 Age
722 897 871 938 vero
893 877 1001 935 illa
1017 899 1116 937 res
1145 885 1441 955 quantam
1469 877 1740 937 declarat
1762 880 2037 958 ejusdem
2063 880 2253 941 homi-

200 977 298 1034 nis
360 975 530 1052 apud
571 974 781 1033 hostes
845 973 1061 1052 populi
1122 973 1388 1033 Romani
1439 975 1892 1052 auctoritatem,
1940 979 2106 1055 quod
2177 999 2254 1037 ex

199 1072 354 1131 locis
402 1077 531 1129 tam
579 1070 935 1148 longinquis
987 1076 1236 1147 tamque
1288 1070 1546 1130 diversis
1593 1076 1720 1129 tam
1764 1072 1936 1132 brevi
1978 1081 2254 1152 tempore

200 1188 421 1227 omnes
461 1167 605 1225 huic
651 1186 716 1226 se
760 1166 869 1223 uni
925 1166 1333 1227 dediderunt:
1402 1167 1563 1244 quod
1609 1167 1994 1228 Cretensium
2038 1170 2254 1249 legati,

203 1285 395 1343 quum
422 1264 487 1321 in
515 1283 722 1322 eorum
753 1261 953 1322 insula
983 1270 1196 1322 noster
1239 1264 1572 1341 imperator
1598 1268 2027 1345 exercitusque
2068 1278 2253 1344 esset,
2285 1279 2346 1324 10

204 1363 286 1420 ad
327 1360 438 1420 On.
470 1359 834 1437 Pompeium
882 1361 945 1417 in
974 1359 1225 1418 ultimas
1274 1381 1469 1439 prope
1512 1369 1707 1422 terras
1735 1371 2036 1424 venerunt
2079 1366 2255 1441 eique

205 1478 273 1517 se
343 1476 557 1515 omnes
617 1456 1002 1515 Cretensium
1077 1456 1370 1516 civitates
1427 1459 1664 1520 dedere.
1705 1460 1866 1520 velle
1934 1461 2254 1521 dixerunt!

206 1552 376 1627 Quid
398 1554 429 1613 ⁰?
469 1553 634 1612 idem
662 1553 782 1612 iste
826 1551 1224 1611 Mithridates
1270 1574 1475 1615 nonne
1518 1556 1597 1614 ad
1634 1558 1897 1616 eundem
1941 1556 2049 1617 Cn.
2081 1557 2258 1616 Pom-

204 1655 415 1731 peiutn
470 1652 746 1731 legatum
804 1672 1000 1731 usque
1055 1652 1120 1710 in
1178 1651 1544 1729 Hispaniam
1598 1653 1812 1714 misit?
1880 1673 2020 1712 eum
2074 1674 2256 1731 quem

205 1750 547 1827 Pompeius
589 1749 866 1829 legatum
894 1769 1137 1827 semper
1178 1749 1498 1828 judicavit,
1526 1748 1592 1824 ii,
1621 1749 1844 1827 quibus
1872 1756 2006 1808 erat
2045 1750 2258 1809 moles·
2286 1761 2346 1807 15

207 1858 343 1906 tum
384 1847 465 1905 ad
493 1867 633 1906 eum
676 1847 1064 1925 potissimum
1097 1865 1233 1905 esse
1274 1845 1555 1919 missum,
1587 1845 2034 1922 speculatorem
2075 1865 2258 1923 quam

206 1946 485 2025 legatum
534 1944 790 2023 judicari
818 1942 1178 2002 maluerunt.
1269 1941 1550 2000 Potestis
1586 1941 1780 2019 igitur
1815 1941 1940 2018 jam
1970 1942 2259 2000 constitu·

208 2063 334 2118 ere,
364 2040 657 2117 Quirites,
688 2040 846 2099 hanc
888 2039 1343 2114 auctoritatem,
1383 2037 1597 2096 multis
1640 2043 1858 2115 postea
1902 2038 2085 2098 rebus
2126 2058 2259 2117 ges-

210 2144 296 2204 tis
321 2143 685 2223 magnisque
714 2141 936 2204 vestris
984 2137 1237 2219 judiciis
1277 2135 1729 2214 amplificatam,
1758 2141 2052 2213 quantum
2090 2137 2257 2214 apud

209 2241 349 2301 illos
390 2261 589 2319 regeS,
619 2247 915 2318 quantum
956 2235 1121 2317 apud
1151 2240 1398 2295 exteras
1439 2233 1725 2294 nationes
1753 2233 2076 2293 valituram
2117 2253 2254 2293 esse
2280 2245 2344 2292 20

211 2337 599 2397 existimetis.

330 2434 664 2512 Reliquum
693 2440 792 2493 est
817 2443 888 2491 ut
917 2432 996 2491 de
1025 2428 1345 2504 felicitate,
1368 2448 1547 2505 quam
1575 2433 1890 2505 praestare
1918 2427 1996 2487 de
2025 2446 2093 2485 se
2120 2431 2255 2504 ipso

209 2551 392 2590 nemo
433 2536 666 2608 potest,
697 2529 1042 2590 meminisse
1074 2535 1141 2586 et
1182 2544 1657 2585 commemorare
1701 2524 1779 2582 de
1808 2522 2003 2582 altero
2042 2542 2255 2600 possu-

207 2648 363 2705 muS,
395 2628 556 2687 sicut
585 2646 848 2704 aequum
876 2634 975 2686 est
994 2624 1273 2684 homines
1302 2622 1381 2681 de
1410 2627 1724 2700 potestate
1753 2620 2021 2694 deorum,
2042 2620 2253 2679 timide

208 2732 275 2783 et
301 2745 503 2803 pauca
527 2724 818 2783 dicamuS.
904 2721 1045 2799 Ego
1087 2720 1251 2780 enim
1281 2720 1371 2778 sic
1413 2718 1736 2778 existimo:
1780 2714 2070 2789 MaximO,
2099 2713 2254 2772 Mar·
2278 2726 2341 2773 25

207 2821 384 2897 ce110‚
416 2820 704 2898 Scipioni,
733 2818 930 2877 Mario
972 2824 1038 2877 et
1079 2817 1299 2877 ceteris
1340 2814 1585 2893 magnis
1623 2811 2088 2889 imperatoribus
2130 2831 2252 2872 non

209 2918 409 2977 solum
437 2921 694 2995 propter
714 2916 1022 2989 virtutem,
1047 2913 1156 2972 sed
1184 2914 1373 2972 etiam
1400 2918 1653 2989 propter
1679 2911 1985 2968 fortunam
2007 2910 2251 2987 saepius

208 3015 468 3093 imperia
515 3013 807 3070 mandata
855 3017 1043 3089 atque
1092 3009 1403 3069 exercitus
1451 3028 1588 3068 esse
1635 3008 2001 3068 commissos,
2107 3006 2253 3067 Fuit

209 3112 375 3170 enim
415 3109 696 3187 profecto
724 3107 1090 3184 quibusdam
1129 3105 1381 3165 summis
1407 3105 1555 3165 viris
1597 3105 1896 3182 quaedam
1923 3106 2004 3164 ad
2043 3107 2252 3185 ampli-

209 3207 495 3266 tudinem
525 3213 590 3265 et
618 3205 699 3263 ad
724 3203 988 3282 gloriam
1016 3208 1084 3263 et
1111 3202 1191 3261 ad
1222 3222 1323 3262 res
1351 3221 1609 3279 magnas
1636 3202 1795 3261 bene
1834 3203 2136 3280 gerendas
2163 3205 2248 3262 di·
2276 3214 2339 3258 30

208 3305 444 3364 vinitas
487 3301 780 3380 adjuncta
821 3301 1085 3360 fortuna.
1168 3298 1267 3358 De
1307 3297 1496 3377 hujus
1523 3308 1730 3358 autem
1759 3297 2023 3357 hominis
2064 3299 2250 3359 felici-

209 3407 362 3476 tate,
397 3400 478 3458 de
522 3419 645 3476 quo
681 3417 842 3457 nunc
886 3398 1146 3476 agimuS,
1183 3394 1300 3454 hac
1334 3402 1475 3453 utar
1517 3395 1938 3456 moderatione
1987 3397 2245 3471 dicendi,

209 3516 333 3556 non
378 3501 454 3553 ut
495 3496 560 3552 in
603 3494 768 3554 illius
811 3499 1127 3572 potestate
1172 3493 1485 3552 fortunam
1531 3494 1797 3569 positam
1844 3512 1983 3552 esse
2028 3493 2246 3565 dicam,

212 3591 321 3653 sed
356 3598 430 3649 ut
470 3591 804 3668 praeterita
844 3589 1212 3665 meminisse,
1242 3588 1477 3665 reliqua
1520 3608 1764 3665 sperare
1804 3588 2140 3660 videamur,
2169 3606 2247 3643 nc

211 3694 321 3747 aut
346 3688 547 3748 invisa
575 3688 693 3747 diis
730 3685 1179 3747 immortalibus
1220 3684 1420 3744 oratio
1447 3689 1661 3742 nostra
1701 3687 1814 3741 aut
1840 3681 2084 3757 ingrata
2111 3701 2246 3740 esse
2276 3691 2337 3736 35

212 3785 511 3845 videatur.
