2725 4299
840 244 971 293 PRO
1014 245 1188 294 REGE
1234 246 1565 296 DEIOTARO
1612 248 1868 299 ORATIO.
2308 254 2424 314 119

268 407 444 466 disti.
535 404 714 477 Quae
744 406 796 464 si
822 406 884 463 in
927 407 1182 484 privatis
1223 407 1498 487 gloriosa
1527 417 1688 486 sunt,
1716 411 1912 470 multo
1937 413 2137 490 magis
2166 433 2325 473 com-

267 503 783 562 memorabuntur
807 504 871 560 in
911 504 1183 582 regibus,
1271 504 1531 584 Semper
1570 507 1807 584 regium
1847 528 2073 567 nomen
2102 510 2167 567 in
2209 509 2323 570 hac

269 601 532 660 civitate
583 605 860 658 sanctum
907 601 1046 677 fuit,
1090 602 1392 661 sociorum
1434 622 1580 663 vero
1621 623 1839 681 regum
1882 610 1948 663 et
1988 606 2321 665 amicorum

270 696 750 756 sanctissimum.

396 792 544 852 XV.
592 790 776 863 Quod
820 813 1046 853 nomen
1089 795 1156 852 hi
1205 815 1388 873 reges
1436 816 1515 856 ne
1563 796 1927 856 amitterent
1973 804 2039 858 te
2085 799 2320 859 victore
2347 811 2378 856 5

270 892 623 950 timuerunt
645 910 687 966 τ,
715 896 1029 950 retentum
1069 911 1218 951 vero
1270 898 1336 952 et
1385 913 1422 952 a
1470 899 1538 952 te
1587 893 2010 952 confirmatum
2057 896 2320 972 posteris

271 988 471 1048 etiam
498 987 629 1046 suis
671 987 1004 1046 tradituros
1038 1008 1106 1047 se
1150 1008 1288 1048 esse
1330 989 1665 1049 confidunt.
1752 987 2024 1067 Corpora
2061 1011 2172 1050 sua
2211 1012 2323 1069 pro

272 1084 482 1144 salute
508 1104 725 1162 regum
754 1104 998 1142 suorum
1040 1084 1106 1142 hi
1146 1084 1340 1163 legati
1369 1085 1486 1145 tibi
1514 1086 1672 1164 regii
1706 1087 1977 1162 tradunt,
2006 1086 2229 1147 Hieras
2258 1094 2325 1148 et

273 1181 629 1241 Blesamius
674 1187 740 1239 et
778 1178 1157 1259 Antigonus,
1200 1181 1316 1240 tibi
1361 1181 1666 1260 nobisque
1714 1183 1999 1242 omnibus
2044 1184 2169 1262 jam
2214 1184 2322 1242 diu

272 1278 430 1354 noti,
454 1277 791 1354 eademque
814 1277 933 1354 fide
962 1284 1027 1336 et
1050 1277 1278 1338 virtute
1304 1280 1620 1357 praeditus
1647 1280 1972 1360 DorylauS,
1995 1281 2100 1358 qui
2128 1300 2323 1359 nuper
2351 1293 2411 1341 10

274 1395 420 1435 cum
465 1373 657 1433 Hiera
700 1373 944 1451 legatus
990 1366 1089 1433 est
1118 1375 1199 1433 ad
1240 1381 1305 1434 te
1348 1376 1594 1453 missus,
1623 1397 1808 1455 quum
1837 1398 2049 1456 regum
2094 1378 2323 1438 amicis-

275 1473 437 1547 simi,
468 1478 599 1529 tum
627 1471 744 1528 tibi
772 1472 978 1546 etiam,
1008 1477 1079 1528 ut
1107 1491 1312 1549 spero,
1341 1474 1604 1551 probati.
1691 1474 1962 1552 Exquire
1992 1475 2069 1534 de
2110 1473 2322 1535 Blesa-

274 1570 423 1646 mio,
450 1589 597 1626 num
625 1568 778 1645 quid
804 1568 882 1626 ad
910 1588 1125 1646 regem
1154 1577 1367 1629 contra
1395 1571 1758 1649 dignitatem
1788 1578 1957 1630 tuam
1987 1572 2316 1648 scripserit.

275 1667 504 1726 Hieras
531 1666 781 1744 quidem
825 1685 1071 1725 causam
1113 1686 1355 1726 omnem
1397 1668 1659 1744 suscipit
1700 1673 1765 1726 et
1802 1668 2155 1726 criminibus
2196 1667 2319 1725 illis

274 1784 392 1842 pro
419 1783 568 1842 rege
597 1784 664 1822 se
693 1764 989 1840 supponit
1028 1784 1202 1823 reum
1226 1784 1240 1824 ε
1284 1764 1636 1823 memoriam
1667 1772 1836 1821 tuam
1867 1763 2169 1840 implorat,
2199 1782 2321 1839 qua
2349 1777 2408 1822 15

273 1861 452 1923 vales
488 1860 859 1939 plurimum:
902 1866 1096 1937 negat
1135 1880 1405 1938 unquam
1448 1881 1516 1919 se
1546 1882 1583 1917 a
1610 1866 1676 1918 te
1705 1859 1767 1916 in
1798 1859 2078 1919 Deiotari
2111 1864 2322 1918 tetrar-

275 1960 415 2020 chia
457 1959 680 2035 pedem
724 1958 1121 2033 discessisse3
1165 1957 1231 2014 in
1273 1957 1488 2034 primis
1532 1956 1754 2014 finibus
1797 1955 1915 2015 tibi
1960 1975 2028 2014 se
2073 1961 2322 2032 praesto

273 2057 469 2115 fuisse
495 2056 664 2131 dicit,
694 2074 889 2131 usque
932 2054 1014 2112 ad
1053 2053 1303 2113 ultimos
1343 2059 1777 2131 prosecutum3
1820 2072 2007 2130 quum
2035 2072 2070 2111 e
2099 2051 2321 2112 balneo

274 2156 537 2231 exisseS,
558 2160 764 2213 tecum
793 2172 860 2211 se
888 2153 1096 2228 fuisse,
1120 2172 1307 2230 quum
1335 2151 1443 2210 illa
1467 2171 1718 2211 munera
1745 2151 2121 2230 inspexisses
2151 2171 2321 2210 cena-

273 2258 400 2327 tuS,
429 2271 618 2329 quum
646 2251 711 2307 in
739 2248 1019 2308 cubiculo
1054 2249 1460 2325 recubuisses,
1489 2249 1866 2326 eandemque
1894 2248 2320 2308 assiduitatem
2346 2262 2409 2308 20

273 2350 392 2409 tibi
420 2369 487 2408 se
529 2347 890 2425 praebuisse
930 2347 1247 2424 postridie.
1334 2343 1531 2418 Quam
1567 2345 1648 2405 ob
1675 2366 1805 2404 rem
1830 2346 1884 2404 si
1913 2345 2061 2423 quid
2088 2364 2320 2419 eorum,

274 2467 436 2525 quae
465 2446 713 2524 objecta
740 2451 904 2519 sunt,
935 2445 1275 2523 cogitatum
1307 2444 1408 2519 sit,
1435 2464 1561 2502 non
1601 2449 1846 2502 recusat
1871 2442 2021 2520 quin
2048 2441 2115 2499 id
2142 2461 2322 2499 suum

242 2540 247 2546 ’
275 2545 515 2603 facinus
541 2541 796 2621 judices·
883 2538 1208 2617 Quocirca,
1238 2541 1304 2601 C.
1338 2540 1583 2616 Caesar,
1598 2539 1784 2599 velim
1813 2538 2126 2598 existimes
2153 2536 2323 2594 hodi-

276 2661 425 2699 erno
452 2639 559 2699 die
590 2637 966 2698 sententiam
994 2644 1163 2696 tuam
1193 2645 1301 2697 aut
1329 2658 1469 2697 cum
1509 2655 1751 2697 summo
1791 2632 2092 2693 dedecore
2119 2632 2323 2691 miser-

272 2739 487 2796 rimam
533 2742 778 2813 pestem
822 2734 1288 2812 importaturam
1326 2754 1465 2794 esse
1510 2732 1763 2811 regibus
1806 2736 1915 2788 aut
1952 2728 2321 2788 incolumem
2348 2745 2409 2791 25

272 2836 501 2894 famam
531 2853 672 2893 cum
701 2832 939 2892 salute:
983 2851 1242 2909 quorum
1271 2830 1535 2891 alterum
1557 2836 1774 2908 optare
1800 2826 2043 2888 illorum
2068 2825 2323 2888 crudeli·

273 2931 427 2991 tatis
457 2913 579 3009 est,
608 2928 871 2990 alterum
899 2947 1264 2990 conservare
1293 2926 1661 2990 clementiae
1690 2931 1857 2989 tuae.
