2725 4299
728 314 803 363 IN
849 315 1214 366 CATILINAM
1258 317 1502 368 ORATIO
1548 319 1831 376 QUARTA„
2281 325 2358 384 45

195 483 372 553 sunt,
401 477 594 537 immo
621 479 915 538 vero-id
943 480 1105 561 enim
1133 482 1345 559 potius
1374 489 1473 541 est
1501 482 2111 562 dicendum—genus
2137 484 2257 544 hoc

203 575 565 634 universum
617 576 1099 636 amantissimum
1146 584 1244 636 est
1298 579 1428 640 otii.
1516 579 1763 639 Etenim
1812 600 1991 640 omne
2037 582 2258 641 instru-

201 677 509 746 mentum,
561 671 759 731 omnis
809 692 999 750 opera
1049 684 1237 751 atque
1287 681 1582 752 quaestus
1621 676 1981 753 frequentia
2030 678 2256 739 civium

203 774 616 844 sustentatur,
648 768 832 827 alitur
858 770 1023 829 otio:
1069 790 1328 847 quorum
1358 771 1412 830 si
1435 778 1731 849 quaestus
1766 773 2030 833 occlusis
2058 777 2255 836 taber·

204 865 304 924 nis
335 865 532 922 minui
562 865 741 941 solet,
769 866 919 944 quid
947 867 1200 926 tandem
1228 867 1500 927 incensis
1529 869 1803 927 futurum
1829 870 1997 931 fuit?
2281 887 2312 933 5

332 961 443 1022 IX.
492 960 670 1034 Quae
698 982 887 1039 quum
913 963 1005 1022 ita
1034 963 1181 1040 sint,
1210 971 1423 1041 patres
1455 965 1810 1044 conscripti,
1838 966 2016 1027 vobis
2043 968 2256 1047 populi

204 1059 473 1118 Romani
529 1061 835 1136 praesidia
887 1080 1013 1119 non
1036 1086 1045 1097 =
1067 1061 1326 1121 desunt:
1387 1081 1499 1121 vos
1555 1081 1635 1120 ne
1689 1063 1919 1141 populo
1975 1064 2256 1125 Romano

204 1158 429 1217 deesse
472 1156 827 1232 videamini,
854 1156 1194 1234 providete.
1281 1156 1552 1217 Habetis
1596 1159 1912 1219 consulem
1953 1181 2034 1221 ex
2075 1162 2258 1240 pluri-

206 1255 329 1311 mis
357 1252 652 1330 periculis
680 1258 745 1310 et
772 1251 1010 1310 insidiis
1032 1260 1220 1331 atque
1250 1273 1329 1313 ex
1356 1254 1560 1313 media
1589 1263 1786 1316 morte
1808 1278 1932 1317 non
1959 1258 2039 1316 ad
2065 1259 2255 1318 vitam

207 1370 407 1425 suam,
437 1349 549 1406 sed
575 1349 655 1406 ad
697 1349 961 1408 salutem
987 1358 1261 1409 vestram
1307 1359 1726 1429 reservatum3
1769 1375 1981 1414 omnes
2009 1354 2254 1415 ordines
2284 1371 2345 1417 10

208 1449 293 1506 ad
339 1446 817 1506 conservandam
859 1466 988 1504 rem
1030 1446 1344 1524 publicam
1393 1455 1619 1526 mente,
1647 1450 1988 1528 voluntate,
2026 1452 2256 1529 studi0,

210 1544 466 1618 virtute,
494 1563 646 1603 voce
690 1542 1117 1620 consentiunt3
1163 1543 1418 1603 obsessa
1463 1548 1699 1607 facibus
1743 1555 1808 1607 et
1844 1548 1988 1608 telis
2031 1547 2257 1626 impiae

210 1640 657 1719 conjurationis
674 1640 850 1699 vobis
879 1640 1144 1719 supplex
1175 1661 1395 1700 manus
1425 1645 1629 1703 tendit
1656 1645 1857 1722 patria
1884 1646 2256 1721 communis;

209 1739 393 1801 vobis
422 1758 508 1815 se,
536 1736 712 1797 vobis
742 1737 932 1795 vitam
960 1737 1233 1796 omnium
1266 1738 1513 1817 civium,
1542 1742 1717 1801 vobis
1746 1762 1946 1801 arcem
1987 1749 2053 1800 et
2080 1741 2260 1819 Capi-

210 1837 455 1912 tolium,
498 1835 673 1895 vobis
727 1855 865 1893 aras
920 1834 1267 1913 Penatium,
1304 1838 1482 1897 vobis
1538 1839 1748 1916 ignem
1802 1838 1974 1896 illum
2024 1837 2257 1897 Vestae
2288 1854 2347 1899 15

211 1934 679 2012 sempiternum,
707 1931 886 1992 vobis
918 1934 1191 1991 omnium
1221 1934 1478 1994 deorum
1507 1934 1743 2012 templa
1771 1942 1960 2012 atque
1986 1934 2259 2010 delubra,

211 2031 392 2091 vobis
419 2051 624 2090 muros
670 2037 859 2109 atque
887 2031 1057 2090 urbis
1095 2039 1265 2092 tecta
1313 2031 1720 2092 commendat.
1806 2030 2138 2090 Praeterea
2182 2032 2260 2092 de

211 2136 423 2192 vestra
450 2128 602 2206 vita,
632 2128 710 2188 de
739 2124 1074 2209 conjugum
1098 2136 1442 2191 vestrarum
1472 2136 1658 2207 atque
1680 2127 2006 2188 liberorum
2035 2128 2257 2206 anima,

213 2232 292 2291 de
338 2233 603 2292 fortunis
644 2232 938 2308 omnium,
968 2227 1045 2290 de
1091 2228 1362 2304 sedibus,
1392 2228 1471 2287 de
1517 2228 1669 2286 focis
1698 2227 1921 2287 vestris
1961 2226 2260 2287 hodierno

213 2329 316 2389 die
345 2330 524 2389 vobis
549 2329 947 2409 judicandum
975 2334 1088 2387 est.
1685 2357 1696 2366 ·
2286 2340 2352 2388 20

337 2426 605 2486 Habetis
634 2427 854 2485 ducem
898 2443 1228 2484 memorem
1259 2421 1470 2498 vestri,
1500 2421 1761 2482 oblitum
1802 2422 1919 2498 sui,
1948 2442 2106 2499 quae
2133 2441 2259 2481 non

216 2543 461 2603 semper
520 2524 783 2583 facultas
851 2523 1068 2597 datur3
1142 2519 1388 2579 habetis
1449 2539 1661 2579 omnes
1731 2520 1998 2594 ordines,
2047 2537 2260 2577 omnes

215 2620 518 2697 homineS,
548 2621 899 2680 universum
942 2618 1242 2696 populum
1292 2617 1656 2692 Romanum,
1686 2616 1750 2674 id
1788 2615 1952 2692 quod
2000 2615 2066 2670 in
2093 2613 2262 2672 civili

216 2739 401 2777 causa
430 2717 726 2776 hodierno
753 2717 855 2776 die
884 2716 1149 2793 primum
1181 2714 1478 2789 videmus,
1506 2731 1696 2770 unum
1725 2717 1911 2788 atque
1939 2710 2104 2769 idem
2131 2729 2264 2768 sen-

214 2815 496 2875 tientem.
585 2814 894 2892 Cogitate,
923 2811 1176 2890 quantis
1212 2811 1526 2870 laboribus
1556 2809 1880 2867 fundatum
1919 2807 2260 2885 imperium,
2289 2825 2351 2873 25

217 2919 453 2988 quanta
480 2912 710 2971 virtute
739 2910 1080 2969 stabilitam
1108 2908 1479 2983 libertatem,
1510 2913 1742 2984 quanta
1768 2905 2023 2965 deorum
2051 2904 2264 2983 benig·

217 3010 421 3068 nitate
479 3014 694 3067 auctas
763 3001 1302 3086 exaggeratasque
1361 3005 1642 3062 fortunas
1698 3023 1820 3061 una
1887 3023 2012 3060 nox
2064 3023 2263 3080 paene

219 3106 463 3165 delerit.
549 3104 625 3163 Id
666 3126 745 3162 ne
786 3119 1058 3181 unquam
1099 3102 1357 3180 posthac
1387 3120 1512 3160 non
1558 3101 1741 3159 modo
1770 3099 1999 3176 confici,
2028 3100 2140 3159 sed
2183 3121 2263 3160 ne

220 3202 485 3280 cogitari
514 3202 762 3279 quidem
783 3200 985 3279 possit
1013 3222 1050 3258 a
1078 3200 1335 3275 civibus,
1359 3198 1660 3257 hodierno
1690 3197 1792 3257 die
1819 3197 2266 3276 providendum

222 3307 337 3359 est.
424 3297 640 3376 Atque
680 3296 853 3374 haec,
881 3318 1004 3356 non
1047 3303 1118 3354 ut
1148 3316 1275 3372 VOS,
1304 3295 1412 3373 qui
1441 3294 1592 3352 mihi
1623 3296 1829 3354 studio
1869 3315 2068 3373 paene
2096 3315 2266 3373 prae-
2294 3311 2357 3357 30

225 3396 487 3471 curritis,
538 3394 889 3469 excitarem,
944 3391 1191 3453 locutus
1245 3411 1399 3467 sum,
1450 3392 1560 3450 sed
1608 3401 1680 3449 ut
1734 3410 1872 3451 mea
1919 3413 2059 3468 vox,
2109 3412 2267 3470 quae

226 3494 415 3553 debet
460 3511 599 3551 esse
628 3490 693 3547 in
740 3511 807 3549 re
833 3489 1082 3567 publica
1125 3489 1430 3566 princepS,
1460 3486 1656 3548 officio
1701 3488 1914 3546 functa
1964 3486 2269 3547 consulari

226 3591 556 3649 videretur.

348 3687 429 3746 X.
477 3684 663 3745 Nunc
692 3690 1023 3762 antequam
1067 3682 1144 3741 ad
1174 3680 1550 3741 sententiam
1591 3681 1799 3755 redeo,
1830 3679 1907 3737 de
1935 3696 2034 3735 me
2075 3696 2270 3752 pauca

229 3785 444 3843 dicam.
532 3781 692 3859 Ego,
716 3789 948 3859 quanta
976 3798 1189 3837 manus
1217 3786 1315 3838 est
1342 3778 1816 3856 conjuratorum,
1839 3791 2023 3851 quam
2044 3772 2270 3833 videtis
2300 3790 2363 3835 35

230 3901 366 3941 esse
396 3898 815 3957 permagnam,
845 3884 1083 3935 tantam
1112 3896 1210 3935 me
1237 3875 1619 3934 inimicorum
1661 3869 2118 3928 multitudinem
2148 3889 2274 3929 sus-
