2725 4299
960 811 1047 875 M.
1087 811 1378 876 TULLII
1419 808 1875 874 CICERONIS

1361 988 1479 1030 PRO

406 1132 2445 1269 QUINTOLIGARIO

854 1404 1217 1473 ORATIO
1279 1403 1416 1468 AD
1479 1402 2003 1470 CAESAREM.

525 1739 573 1801 Ι.
618 1738 870 1801 Novmu
911 1738 1160 1814 crimen,
1203 1736 1270 1798 C.
1312 1735 1558 1810 Caesar,
1601 1739 1668 1794 et
1711 1740 1859 1794 ante
1902 1733 2064 1794 hunc
2106 1735 2274 1795 diem
2316 1755 2452 1795 non

406 1836 687 1897 auditum
711 1835 1097 1916 propinquus
1123 1855 1295 1895 meus
1323 1834 1403 1893 ad
1429 1839 1496 1891 te
1524 1829 1598 1904 Q.
1623 1830 1865 1890 Tubero
1892 1831 2135 1908 detulit,
2158 1830 2233 1906 Q.
2258 1832 2449 1912 Liga-

405 1934 563 1992 rium
589 1935 655 1992 in
681 1933 897 1994 Africa
931 1932 1122 1991 fuisse
1145 1952 1161 2006 3
1202 1931 1390 2008 idque
1419 1927 1486 1989 C.
1518 1928 1737 2004 Pansa,
1764 1928 2109 2007 praestanti
2134 1928 2231 1989 vir
2270 1929 2448 2008 inge-

406 2031 530 2106 nio,
549 2032 745 2090 fretus
767 2031 1027 2089 fortasse
1056 2026 1475 2085 familiaritate
1504 2045 1595 2101 ea,
1617 2045 1775 2102 quae
1795 2033 1894 2085 est
1915 2026 1976 2085 ei
2003 2032 2229 2101 tecum,
2252 2046 2446 2086 ausus

351 2145 380 2190 5
408 2131 507 2186 est
533 2125 844 2187 confiteri:
888 2124 1099 2202 itaque
1128 2143 1251 2202 quo
1285 2143 1383 2184 me
1411 2128 1647 2183 vertam
1674 2123 1899 2184 nescio,
1983 2121 2248 2182 Paratus
2278 2123 2450 2183 enim

405 2242 710 2298 veneram,
739 2241 929 2299 quum
970 2227 1042 2278 tu
1069 2221 1135 2279 id
1161 2241 1364 2299 neque
1405 2241 1515 2299 per
1543 2227 1609 2280 te
1639 2220 1828 2280 scires
1864 2240 2064 2299 neque
2091 2220 2309 2280 audire
2337 2220 2451 2279 ali-

408 2320 571 2378 unde
598 2318 928 2397 potuisseS,
957 2324 1029 2376 ut
1069 2318 1459 2396 ignoratione
1487 2325 1597 2377 tua
1626 2321 1705 2378 ad
1746 2319 2011 2379 hominis
2048 2310 2259 2379 miseri
2287 2317 2453 2377 salu·

407 2423 535 2476 tem
556 2416 856 2474 abuterer.
944 2413 1069 2475 Sed
1090 2417 1380 2493 quoniam
1397 2416 1724 2495 diligentia
1748 2415 1975 2476 inimici
1994 2414 2450 2494 investigatum

407 2519 505 2571 est
548 2512 714 2591 quod
759 2510 1015 2587 latebat,
1060 2512 1472 2572 confitendum
1519 2519 1636 2589 est,
1679 2519 1750 2570 ut
1793 2512 2029 2591 opinor,
2076 2510 2450 2591 praesertim

322 2626 383 2673 10
409 2626 597 2688 quum
612 2628 799 2701 gneus
828 2609 1209 2668 necessarius
1231 2608 1297 2669 C.
1323 2609 1528 2668 Pansa
1549 2608 1765 2668 fecerit
1786 2615 1859 2667 ut
1883 2609 1949 2667 id
1976 2609 2293 2687 integrum
2319 2608 2448 2688 jam

406 2729 530 2767 non
559 2713 743 2783 esset,
772 2706 1119 2784 omissaque
1164 2706 1580 2765 controversia
1624 2705 1823 2765 omnis
1869 2705 2066 2765 oratio
2095 2705 2173 2764 ad
2215 2704 2450 2764 miseri-

408 2805 675 2863 cordiam
714 2809 883 2861 tuam
914 2803 1280 2862 conferenda
1308 2808 1425 2879 est,
1454 2823 1576 2880 qua
1616 2802 1864 2880 plurimi
1894 2809 2040 2862 sunt
2076 2802 2448 2878 conservati,

407 2920 596 2977 quum
623 2920 659 2957 a
681 2905 747 2958 te
767 2919 892 2957 non
919 2898 1346 2959 liberationem
1375 2899 1608 2977 culpae,
1631 2899 1743 2958 sed
1772 2899 1957 2958 errati
1983 2899 2230 2960 veniam
2259 2899 2449 2978 impe-

406 2995 758 3053 travissent.
828 2992 1042 3052 Habes
1063 2993 1276 3071 igitur,
1299 2995 1563 3072 Tubero,
1582 2994 1747 3073 quod
1769 3002 1868 3056 est
1888 2996 2227 3056 accusatori
2257 2997 2451 3055 maxi-

323 3109 380 3153 15
408 3112 506 3150 me
550 3090 913 3168 optandum,
941 3090 1337 3150 confitentem
1381 3113 1572 3169 reum,
1601 3093 1713 3152 sed
1753 3100 1964 3153 tamen
2004 3092 2122 3152 hoc
2158 3093 2450 3154 confiten-

406 3194 555 3263 tem,
586 3207 653 3247 se
696 3187 759 3245 in
799 3207 874 3247 ea
915 3193 1094 3266 parte
1138 3188 1349 3266 fuisse,
1378 3210 1500 3268 qua
1544 3196 1629 3266 te,
1658 3209 1781 3268 qua
1810 3191 2005 3250 virum
2049 3189 2217 3250 omni
2259 3190 2448 3250 laude

408 3286 681 3363 dignum,
709 3290 952 3362 patrem
976 3293 1170 3346 tuum.
1257 3286 1479 3366 Itaque
1505 3287 1678 3365 prius
1706 3287 1785 3346 de
1812 3293 2021 3348 vestro
2048 3286 2280 3347 delicto
2309 3307 2450 3346 con-

408 3382 702 3442 fiteamini
730 3402 981 3443 necesse
1010 3389 1126 3459 est,
1155 3403 1337 3461 quam
1372 3383 1607 3462 Ligarii
1635 3384 1825 3442 ullam
1853 3383 2096 3462 culpam
2124 3383 2450 3461 reprehen-

409 3481 589 3539 datis.

320 3590 384 3637 20
529 3575 604 3649 Q.
636 3576 800 3636 enim
839 3574 1144 3653 Ligarius,
1173 3594 1364 3651 quum
1392 3582 1561 3635 esset
1586 3575 1754 3634 nulla
1789 3576 1937 3636 belli
1965 3578 2251 3656 suspiciO,
2279 3576 2451 3656 lega-

407 3680 512 3731 tus
539 3672 603 3730 in
631 3670 898 3730 Africam
931 3692 1068 3730 cum
1097 3670 1162 3730 O.
1197 3670 1489 3730 Considio
1515 3673 1828 3750 profectus
1857 3681 1994 3751 est3
2038 3695 2159 3753 qua
2187 3674 2254 3733 in
2281 3674 2450 3752 lega·

408 3769 576 3828 tione
606 3773 672 3826 et
698 3768 932 3852 civibus
962 3775 1027 3826 et
1072 3767 1252 3826 sociis
1295 3768 1387 3825 ita
1414 3789 1481 3828 se
1521 3771 1824 3848 probavit,
1853 3780 1925 3831 ut
1953 3773 2259 3832 decedens
2290 3770 2448 3831 Con·
