2725 4299
718 282 788 332 IN
834 283 1186 332 ANTONIUM
1233 282 1482 334 ORATIO
1528 284 1757 335 PRIMA.
2190 292 2305 352 131

180 444 335 506 Haec
355 445 568 504 inusta
593 452 689 506 est
715 466 753 505 a
780 452 865 521 te,
897 467 933 504 a
961 452 1046 522 te,
1076 447 1348 525 inquam,
1377 454 1623 507 mortuo
1653 448 1900 509 Caesari
1927 457 2077 510 nota
2121 452 2199 511 ad

180 543 563 620 ignominiam
592 542 1046 621 sempiternam.
1115 542 1206 602 Ut
1234 544 1400 603 enim
1427 551 1682 623 propter
1708 547 1887 605 unius
1917 547 1999 608 M.
2033 548 2201 607 Man·

178 639 238 698 lii
270 639 461 699 scelus
499 639 749 699 decreto
784 640 996 717 gentis
1033 639 1303 700 Manliae
1342 641 1648 700 neminem
1676 644 2005 720 patricium
2033 645 2201 704 Man-

177 735 306 793 lium
351 735 629 802 Marcum
667 736 874 796 vocari
906 736 1071 812 licet,
1118 737 1206 796 sic
1242 743 1314 795 tu
1338 743 1608 816 propter
1641 739 1822 799 unius
1879 742 2199 802 dictatoris

178 833 358 893 odium
386 853 618 892 nomen
645 833 967 892 dictatoris
994 833 1277 893 funditus
1306 833 1630 895 sustulisti.

276 928 438 989 Num
467 936 557 1006 te,
588 949 778 1008 quum
805 928 959 989 haec
987 948 1101 1008 pro
1131 929 1332 990 salute
1359 930 1453 990 rei
1472 929 1758 1009 publicae
1779 938 1956 992 tanta
1973 935 2199 1013 gessis-

177 1046 276 1102 seS,
302 1026 586 1086 fortunae
616 1032 783 1102 tuae,
812 1046 960 1084 num
1001 1025 1449 1105 amplitudini8‚
1477 1047 1626 1086 num
1667 1026 1967 1088 claritatis
1993 1031 2201 1108 paeni-

174 1123 327 1182 tebat
344 1125 374 1184 *Ρ
453 1123 646 1183 Unde
673 1124 868 1202 igitur
895 1123 1102 1183 subito
1128 1129 1308 1182 tanta
1335 1125 1478 1198 ista'
1501 1123 1766 1184 mutatio
1783 1126 1814 1186 1³
1893 1125 1958 1186 N
1958 1146 2040 1185 on
2064 1113 2203 1205 pos-

177 1241 290 1279 sum
327 1222 551 1281 adduci
595 1228 673 1281 ut
719 1222 1001 1300 suspicer
1057 1227 1122 1281 te
1170 1223 1434 1300 pecunia
1485 1228 1764 1301 captum:
1829 1222 1979 1283 licet
2032 1225 2199 1302 quod

175 1319 366 1396 cuique
405 1319 564 1379 libet
605 1318 913 1397 loquatur,
945 1318 1196 1378 credere
1236 1338 1362 1378 non
1392 1325 1489 1378 est
1516 1339 1809 1396 necesse3
1851 1319 2006 1378 nihil
2034 1322 2196 1381 enim

177 1435 417 1493 unquam
444 1417 511 1474 in
539 1423 610 1477 te
641 1416 969 1492 sordidum,
998 1415 1158 1473 nihil
1186 1414 1417 1475 humile
1445 1417 1726 1494 cognovi.
1812 1414 2198 1495 Quamquam

177 1512 352 1572 solent
390 1514 721 1574 domestici
764 1514 1099 1591 depravare
1143 1532 1597 1590 nonnunquam,
1626 1515 1735 1573 sed
1776 1514 1922 1574 novi
1949 1515 2198 1574 firmita-

178 1615 284 1668 tem
307 1617 491 1672 tuam.
581 1612 801 1689 Atque
831 1610 1067 1670 utinam
1093 1616 1167 1669 ut
1194 1609 1455 1688 culpam,
1473 1609 1564 1669 sic
1583 1611 1769 1670 etiam
1786 1611 2196 1689 suspicionem

176 1707 348 1767 vitare
372 1709 731 1786 potuisses!

277 1803 445 1865 XIV.
490 1806 664 1864 Illud
705 1805 908 1884 magis
949 1824 1183 1880 vereor,
1211 1825 1291 1864 ne
1332 1804 1625 1883 ignorans
1666 1824 1880 1863 verum
1919 1805 2041 1863 iter
2069 1802 2200 1882 glo-

176 1899 281 1960 riae
321 1901 667 1980 gloriosum
699 1909 886 1980 putes
923 1901 1065 1980 plus
1099 1907 1164 1961 te
1207 1921 1398 1959 unum
1434 1920 1621 1979 posse
1666 1920 1850 1978 quam
1892 1921 2106 1960 omnes
2134 1907 2201 1961 et

176 1999 341 2057 metui
385 2019 422 2057 a
466 2000 714 2061 civibus
757 2000 901 2059 tuis,
986 1996 1170 2071 Quod
1214 1998 1265 2056 si
1316 1997 1407 2055 ita
1454 2004 1657 2075 putas,
1704 2003 1902 2056 totam
1952 1998 2199 2076 ignoras

176 2093 313 2153 viam
353 2096 618 2175 gloriae.
704 2095 925 2156 Carum
969 2114 1106 2155 esse
1148 2077 1359 2170 civem}
1389 2094 1548 2154 bene
1590 2095 1669 2155 de
1711 2114 1779 2155 re
1807 2093 2051 2173 publica
2078 2116 2200 2157 me-

180 2193 293 2268 reri,
329 2193 595 2269 laudari,
644 2191 782 2269 coli,
816 2191 995 2271 diligi
1034 2191 1371 2269 gloriosum
1414 2198 1547 2251 est:
1590 2193 1789 2252 metui
1831 2213 1980 2254 vero
2021 2204 2088 2254 et
2132 2196 2198 2253 in

179 2290 300 2349 odio
348 2312 483 2352 esse
531 2289 933 2364 invidiosum,
990 2288 1380 2364 detestabile,
1435 2288 1829 2366 imbecillum,
1886 2291 2193 2352 caducum.

180 2381 334 2456 Quod
359 2388 646 2448 videmus
686 2387 876 2446 etiam
918 2386 982 2443 in
1011 2385 1221 2444 fabula
1263 2385 1357 2443 illi
1392 2386 1536 2464 ipsi,
1565 2387 1672 2463 qui
1701 2388 1739 2418 “
1759 2387 2022 2463 oderint,
2051 2388 2199 2447 dum

179 2490 427 2543 metuant
448 2485 486 2514 ”
515 2484 770 2558 dixerit,
798 2483 1212 2561 perniciosum
1241 2483 1449 2542 fuisse.
1535 2482 1810 2558 Utinam,
1833 2483 1917 2543 M.
1940 2482 2198 2560 Antoni,

181 2596 336 2637 avum
375 2587 559 2641 tuum
596 2580 1023 2640 meminisses!
1084 2579 1163 2638 de
1206 2599 1328 2656 quo
1371 2586 1579 2638 tamen
1621 2579 1853 2637 audisti
1882 2579 2078 2637 multa
2120 2600 2199 2639 ex

182 2693 260 2733 me
297 2697 485 2757 eaque
532 2678 913 2756 saepissime.
1001 2675 1278 2735 Putasne
1321 2674 1495 2733 illum
1523 2674 2051 2733 immortalitatem
2079 2696 2201 2735 me-

180 2772 279 2829 reri
318 2775 609 2851 voluisse,
650 2782 724 2832 ut
762 2779 1021 2853 propter
1062 2793 1367 2831 armorum
1409 2772 1829 2830 habendorum
1885 2770 2198 2830 licentiam

181 2874 582 2933 metueretur?
663 2871 780 2930 Illa
810 2878 943 2931 erat
986 2871 1135 2946 vita,
1164 2869 1273 2927 illa
1315 2869 1582 2928 secunda
1611 2868 1880 2945 fortuna,
1911 2868 2198 2929 libertate

182 2982 297 3026 esse
333 2988 547 3046 parem
589 2969 830 3045 ceteriS,
859 2968 1201 3047 principem
1245 2966 1574 3044 dignitate.
1660 2964 1903 3043 Itaque,
1930 2972 2002 3024 ut
2029 2967 2202 3025 omit-

180 3066 292 3121 tam
330 3086 426 3125 res
467 3066 573 3126 avi
613 3065 708 3125 tui
750 3084 1091 3144 prosperaS,
1133 3062 1600 3122 acerbissimum
1627 3094 1633 3101 ·
1656 3062 1794 3141 ejus
1852 3083 2201 3141 supremum

182 3157 326 3218 diem
363 3164 575 3221 malim
617 3183 802 3240 quam
842 3161 910 3222 L.
957 3160 1192 3220 Cinnae
1221 3159 1621 3234 dominatum,
1651 3178 1689 3217 a
1717 3179 1839 3237 quo
1860 3159 1965 3220 ille
1995 3162 2199 3220 crude-

183 3252 392 3318 lissime
418 3267 519 3319 est
546 3260 927 3318 interfectus

289 3353 408 3414 Sed
460 3357 607 3434 quid
663 3356 943 3415 oratione
996 3362 1061 3414 te
1116 3354 1365 3414 flectam
1387 3354 1417 3413 ⁴?
1527 3351 1593 3412 Si
1648 3355 1810 3413 enim
1866 3356 2073 3414 exitus
2130 3353 2196 3412 O.

186 3447 444 3513 Caesaris
500 3455 735 3514 efficere
790 3474 914 3513 non
966 3458 1179 3530 potest
1233 3456 1307 3508 ut
1362 3449 1540 3508 malis
1596 3471 1798 3532 carus>
1827 3473 1965 3511 esse
2019 3470 2200 3528 quam

185 3549 377 3624 metui,
403 3550 553 3607 nihil
583 3551 941 3629 cujusquam
969 3548 1252 3626 proficiet
1285 3567 1401 3606 nec
1442 3545 1677 3606 valebit
1704 3548 1916 3606 orati0.
2002 3544 2201 3616 Quem

188 3642 280 3715 qui
328 3644 568 3704 beatum
623 3646 812 3705 fuisse
854 3650 1096 3723 putant,
1138 3644 1348 3702 miseri
1397 3643 1520 3720 ipsi
1563 3649 1723 3702 sunt.
1826 3641 2061 3699 Beatus
2104 3644 2202 3697 est

189 3754 368 3816 nemo,
390 3744 496 3819 qui
536 3764 611 3802 ea
651 3743 794 3819 lege
838 3743 1013 3817 vivit,
1047 3748 1121 3799 ut
1156 3762 1279 3800 non
1322 3740 1508 3797 modo
1547 3739 1816 3815 impune,
1856 3737 1966 3795 sed
2016 3736 2202 3794 etiam

192 3850 311 3893 oum
363 3857 590 3898 summa
639 3838 1050 3899 interfectoris
1106 3837 1302 3916 gloria
1355 3833 1622 3893 interfici
1676 3832 1893 3909 possit.
1998 3831 2207 3905 Quare

2243 1335 2304 1381 10

2243 1814 2304 1861 15

2240 2303 2304 2348 20

2240 2786 2302 2831 25

2242 3272 2307 3318 30

2248 3756 2310 3802 35
