2725 4299
378 324 457 383 38
899 320 973 370 IN
1018 318 1386 369 CATILINAM
1429 315 1672 368 ORATIO
1719 316 2003 375 QUARTA.

477 489 717 545 vestros
770 483 1172 562 virginesque
1225 480 1518 542 Vestales
1573 500 1653 541 ex
1721 480 2115 540 acerbissima
2167 481 2527 560 vexatione,

478 580 712 660 templa
740 588 928 659 atque
956 578 1232 655 delubra,
1260 577 1422 638 hanc
1448 577 1916 656 pulcherrimam
1955 578 2220 655 patriam
2248 579 2526 638 omnium

478 685 755 739 nostrum
799 698 878 738 ex
919 676 1278 737 foedissima
1321 676 1587 749 flamma,
1617 681 1819 733 totam
1860 673 2110 734 Italiam
2138 696 2217 735 ex
2260 675 2427 735 bello
2455 686 2529 736 et

479 776 773 836 vastitate
820 775 1139 851 eriperem,
1166 791 1592 851 quaecumque
1638 771 1788 829 mihi
1835 770 1946 829 uni
1986 777 2360 849 proponetur
2407 773 2530 833 for-

425 888 455 934 5
480 879 649 947 tuna,
699 872 1008 931 subeatur.
1096 869 1349 928 Etenim
1391 869 1446 928 si
1491 868 1560 928 P.
1597 866 1904 927 ‘Lentulus
1947 880 2124 926 suum
2164 888 2388 928 nomen
2437 870 2531 927 in-

480 969 700 1028 ductus
744 989 782 1027 a
808 967 1056 1028 vatibus
1097 964 1288 1025 fatale
1318 965 1401 1024 ad
1443 965 1776 1043 perniciem
1817 964 1906 1024 rei
1931 963 2212 1042 publicae
2255 965 2385 1024 fore
2414 985 2531 1044 pu-

480 1067 661 1143 tavit,
707 1085 813 1126 cur
859 1084 981 1144 ego
1028 1082 1153 1123 non
1199 1061 1396 1122 laeter
1442 1061 1647 1121 meum
1697 1061 2083 1133 consulatum
2130 1061 2211 1120 ad
2257 1060 2529 1121 salutem

478 1163 694 1244 populi
719 1161 981 1221 Romani
1007 1179 1200 1238 prope
1228 1158 1482 1220 fatalem
1511 1159 1832 1218 exstitisse
1850 1160 1882 1219 ’Β

599 1259 680 1319 IL
725 1256 948 1332 Quare,
975 1263 1189 1335 patres
1234 1256 1585 1334 conscripti,
1618 1255 1921 1315 consulite
1951 1255 2150 1331 vobiS,
2181 1258 2527 1336 prospicite

396 1369 458 1417 10
480 1356 738 1436 patriae,
806 1358 1168 1414 conservate
1239 1373 1372 1429 VOS,
1437 1354 1754 1433 conjugeS,
1817 1352 2045 1412 liberos
2115 1353 2528 1433 fortunasque

481 1458 737 1529 vestraS,
762 1450 981 1530 populi
1008 1449 1271 1509 Romani
1298 1469 1521 1510 nomen
1563 1450 1946 1528 salutemque
1973 1451 2289 1512 defendite
2311 1473 2328 1528 ;
2370 1452 2529 1512 mihi

480 1569 731 1629 parcere
771 1567 844 1607 ac
871 1548 950 1607 de
990 1567 1090 1608 me
1128 1547 1406 1627 cogitare
1452 1547 1739 1609 desinite.
1823 1546 1988 1607 Nam
2014 1549 2278 1626 primum
2322 1549 2530 1610 debeo

483 1665 748 1725 sperare,
776 1665 992 1705 omnes
1020 1645 1190 1723 deos,
1219 1645 1324 1723 qui
1366 1644 1508 1704 huic
1540 1646 1673 1705 urbi
1713 1646 2085 1724 praesident,
2114 1666 2227 1724 pro
2267 1666 2343 1706 eo
2369 1647 2529 1706 mihi

482 1764 555 1804 ac
581 1762 815 1804 mereor
842 1742 1142 1803 relaturos
1171 1761 1310 1802 esse
1337 1743 1633 1821 gratiam:
1679 1742 1921 1818 deinde,
1952 1743 2005 1802 si
2032 1744 2179 1821 quid
2205 1743 2527 1823 obtigerit,

397 1854 457 1933 135
483 1861 681 1920 aequo
728 1840 934 1900 animo
965 1846 1308 1918 paratoque
1346 1840 1585 1900 moriar.
1670 1840 1833 1899 Nam
1880 1860 2083 1919 neque
2121 1841 2316 1919 turpis
2361 1862 2527 1901 mors

481 1938 627 1999 forti
654 1939 790 2000 viro
830 1943 1042 2016 potest
1071 1938 1346 1998 accidere
1388 1957 1591 2015 neque
1620 1937 1947 1997 immatura
1989 1937 2294 1998 consulari
2321 1959 2528 2017 neque

480 2037 704 2096 misera
732 2035 1016 2113 sapienti.
1104 2034 1240 2095 Nec
1282 2040 1493 2094 tamen
1519 2055 1639 2114 ego
1667 2056 1804 2095 sum
1845 2035 1950 2096 ille
1994 2036 2246 2113 ferreuS,
2275 2037 2382 2114 qui
2409 2037 2530 2096 fra-

480 2134 595 2194 tris
638 2134 938 2194 carissimi
977 2140 1045 2195 et
1085 2133 1492 2194 amantissimi
1539 2134 1888 2213 praesentis
1931 2155 2199 2194 maerore
2244 2154 2367 2193 non
2397 2154 2529 2195 mo-

479 2253 627 2294 vear
644 2230 982 2310 horumque
1012 2232 1278 2291 omnium
1310 2232 1595 2309 lacrimis,
1620 2252 1657 2290 a
1684 2233 1910 2311 quibus
1937 2252 2038 2292 me
2061 2232 2527 2292 circumsessum

393 2341 460 2391 20
483 2330 730 2391 videtis,
816 2330 1039 2407 Neque
1080 2349 1279 2389 meam
1305 2336 1579 2391 mentem
1618 2350 1744 2390 non
1772 2329 2021 2390 domum
2050 2350 2236 2409 saepe
2276 2336 2529 2390 revocat

483 2427 832 2488 exanimata
877 2448 1033 2488 uxor
1087 2434 1154 2488 et
1204 2428 1449 2509 abjecta
1493 2434 1666 2488 metu
1712 2426 1836 2487 filia
1884 2434 1952 2487 et
1998 2426 2287 2506 parvulus
2341 2426 2525 2503 filius,

482 2545 668 2604 quem
695 2525 846 2585 mihi
875 2527 1122 2587 videtur
1162 2525 1452 2605 amplecti
1480 2546 1581 2585 res
1620 2524 1868 2604 publica
1893 2531 2207 2605 tamquam
2245 2524 2526 2585 obsidem

482 2622 834 2684 consulatus
879 2624 1021 2702 mei,
1066 2644 1268 2704 neque
1313 2622 1436 2701 ille,
1485 2622 1595 2701 qui
1638 2629 2005 2701 exspectans
2052 2621 2241 2702 hujus
2287 2621 2527 2682 exitum

482 2721 607 2781 diei
634 2727 761 2781 stat
784 2722 848 2781 in
877 2718 1216 2802 conspectu
1244 2742 1405 2798 meo,
1427 2741 1635 2800 gener.
1722 2720 1975 2781 Moveor
2000 2720 2097 2778 his
2124 2719 2307 2780 rebus
2335 2719 2530 2779 omni-

393 2829 456 2877 25
482 2818 618 2895 buS‚
664 2819 776 2879 sed
817 2819 883 2878 in
930 2840 1069 2880 eam
1113 2826 1375 2898 partem,
1410 2818 1505 2876 uti
1556 2816 1709 2878 salvi
1758 2819 1885 2877 sint
1927 2818 2246 2879 vobiscum
2290 2837 2527 2894 omneS,

482 2915 668 2973 etiam
713 2916 766 2973 si
796 2935 893 2975 me
931 2917 1024 2975 vis
1067 2916 1274 2993 aliqua
1318 2916 1718 2993 oppresserit,
1746 2915 1958 2994 potius
2002 2935 2185 2993 quam
2230 2920 2297 2974 et
2324 2914 2417 2972 illi
2460 2920 2529 2974 et

480 3028 594 3068 nos
619 3029 742 3068 una
769 3011 860 3069 rei
887 3010 1172 3087 publicae
1201 3017 1383 3089 peste
1409 3032 1752 3089 pereamus,

603 3104 827 3183 Quare,
856 3113 1065 3184 patres
1095 3109 1445 3187 conscripti,
1477 3110 1811 3170 incumbite
1855 3111 1934 3169 ad
1963 3109 2228 3170 salutem
2252 3110 2345 3170 rei
2372 3108 2529 3187 pub-

479 3201 670 3278 licae;
740 3202 1190 3283 circumspicite
1259 3226 1473 3266 omnes
1540 3206 1861 3285 procellaS,
1917 3228 2076 3285 quae
2144 3207 2529 3284 impendent.

396 3310 457 3357 30
481 3299 602 3357 nisi
642 3300 997 3378 providetis,
1083 3301 1229 3362 Non
1272 3302 1362 3363 Ti.
1410 3302 1741 3380 Gracchus,
1783 3305 1951 3383 quod
1989 3305 2215 3364 iterum
2242 3304 2528 3363 tribunus

480 3394 677 3474 plebis
707 3396 836 3456 fieri
864 3396 1080 3474 voluit,
1108 3418 1233 3457 non
1262 3398 1328 3459 O.
1361 3397 1693 3476 GracchuS,
1723 3401 1889 3478 quod
1917 3402 2188 3479 agrarios
2218 3400 2529 3460 concitare

481 3497 736 3552 conatus
767 3497 882 3570 est,
911 3512 1036 3551 non
1068 3492 1136 3552 L.
1162 3494 1554 3575 Saturninus,
1574 3497 1740 3575 quod
1775 3496 1840 3558 O.
1872 3496 2230 3557 Memmium
2276 3497 2529 3573 occidit,

481 3589 548 3647 in
575 3589 900 3649 discrimen
941 3590 1195 3667 aliquod
1221 3596 1411 3669 atque
1451 3592 1517 3650 in
1542 3598 1786 3653 vestrae
1832 3593 2182 3654 severitatis
2226 3592 2528 3672 judicium

482 3685 838 3746 adducitur:
881 3691 1178 3745 tenentur
1203 3687 1267 3763 ii,
1295 3687 1403 3765 qui
1432 3688 1513 3747 ad
1537 3688 1708 3748 urbis
1747 3690 2118 3767 incendium,
2148 3690 2227 3748 ad
2253 3696 2528 3750 vestram

395 3792 457 3837 35
485 3782 753 3840 omnium
781 3782 1047 3859 caedem,
1078 3782 1156 3841 ad
1186 3782 1516 3843 Catilinam
1557 3786 1982 3863 accipiendum
2009 3786 2242 3847 Romae
2282 3787 2529 3856 restite-

483 3881 665 3951 runt3
709 3882 1000 3937 tenentur
1025 3879 1293 3954 litterae,
1323 3880 1525 3957 signa,
1554 3901 1789 3958 manuS,
1820 3883 2087 3960 denique
2115 3883 2297 3942 unius
2326 3882 2530 3962 cujus-
2573 3876 2580 3880 ’
