2725 4299
1012 904 1096 972 M.
1159 905 1452 970 TULLII
1513 908 1971 975 CICERONIS

1435 1084 1552 1127 PRO

733 1222 879 1335 M.
1010 1232 2253 1344 MARCELLO

924 1498 1285 1566 ORATIO
1345 1501 1485 1567 AD
1550 1502 2076 1574 CAESAREM.

589 1836 639 1901 I.
679 1837 1014 1899 DmTURNI
1036 1836 1285 1913 silentii,
1309 1844 1521 1915 patres
1544 1838 1892 1917 conscripti,
1913 1860 2037 1920 quo
2057 1863 2230 1904 eram
2249 1844 2351 1904 his
2371 1851 2531 1906 tem·

466 1935 722 2014 poribus
750 1954 915 2010 usus,
944 1954 1067 1992 non
1106 1934 1327 1993 timore
1360 1934 1586 2012 aliqu0,
1619 1937 1728 1995 sed
1770 1938 2001 2014 partim
2026 1940 2262 2020 dolore,
2290 1944 2529 2022 partim

470 2031 854 2106 verecundia,
885 2031 1070 2089 finem
1114 2030 1450 2090 hodiernus
1489 2033 1624 2091 dies
1671 2035 1903 2112 attulit,
1933 2037 2221 2117 idemque
2265 2040 2525 2099 initium

468 2152 624 2210 quae
653 2127 871 2187 vellem
903 2148 1183 2206 quaeque
1224 2130 1520 2190 sentirem
1564 2151 1704 2192 meo
1748 2133 2008 2211 pristino
2047 2157 2217 2197 more
2244 2138 2519 2198 dicendi.
2606 2199 2610 2203 .

409 2251 438 2296 5
467 2231 727 2289 Tantam
749 2231 915 2290 enim
935 2226 1490 2305 mansuetudinem,
1511 2235 1642 2287 tam
1665 2230 2022 2291 inusitatam
2044 2233 2520 2314 inauditamque

463 2329 873 2403 clementiam,
896 2333 1136 2385 tantum
1160 2327 1221 2383 in
1257 2348 1492 2386 summa
1522 2335 1837 2407 potestate
1864 2352 2064 2390 rerum
2086 2333 2361 2391 omnium
2388 2353 2519 2393 mo-

462 2429 629 2505 dum,
659 2435 785 2486 tam
815 2428 1079 2505 denique
1128 2426 1552 2486 incredibilem
1590 2428 1960 2507 sapientiam
2003 2450 2076 2489 ac
2118 2450 2319 2507 paene
2360 2431 2514 2492 divi-

460 2550 602 2588 nam
631 2530 859 2588 tacitus
888 2526 1058 2585 nullo
1085 2527 1267 2585 modo
1310 2526 1646 2604 praeterire
1687 2546 1956 2604 possum.
2041 2526 2125 2587 M.
2158 2528 2323 2586 enim
2350 2527 2512 2587 Mar-

461 2628 615 2688 cello
642 2629 838 2704 vobis,
866 2631 1079 2705 patres
1125 2623 1476 2700 conscripti,
1507 2623 1720 2701 reique
1761 2624 2045 2701 publicae
2084 2625 2351 2701 reddito,
2378 2645 2507 2684 non

375 2736 437 2784 10
462 2727 660 2785 solum
687 2727 870 2803 illius,
900 2726 1009 2784 sed
1053 2743 1249 2782 meam
1281 2722 1468 2780 etiam
1496 2741 1713 2781 vocem
1741 2727 1808 2780 et
1848 2721 2283 2781 auctoritatem
2312 2727 2377 2781 et
2404 2742 2506 2782 vo-

459 2823 555 2883 bis
582 2831 648 2882 et
675 2825 765 2884 rei
791 2823 1074 2901 publicae
1109 2825 1533 2879 conservatam
1564 2839 1637 2877 ac
1662 2819 2014 2877 restitutam
2039 2825 2212 2896 puto,

580 2920 878 2979 Dolebam
927 2919 1112 2993 enim,
1144 2924 1353 2994 patres
1401 2916 1753 2994 conscripti,
1782 2921 1849 2974 et
1874 2915 2278 2976 vehementer
2320 2937 2503 2994 ange-

457 3015 570 3076 bar
595 3016 792 3076 virum
822 3014 1030 3090 talem,
1061 3034 1245 3091 quum
1266 3015 1345 3078 in
1376 3015 1589 3074 eadem
1619 3033 1822 3090 causa,
1845 3013 1909 3070 in
1937 3032 2060 3090 qua
2087 3033 2229 3091 egO,
2257 3015 2501 3092 fuisset,

459 3133 578 3172 non
611 3113 675 3169 in
704 3113 921 3171 eadem
962 3130 1097 3171 esse
1141 3112 1429 3188 fortuna3
1471 3132 1585 3170 nec
1612 3109 1764 3168 mihi
1803 3111 2176 3188 persuadere
2215 3117 2495 3188 poteram

373 3221 433 3268 15
460 3230 574 3269 nec
601 3210 692 3267 fas
721 3230 857 3268 esse
887 3209 1187 3269 ducebam
1204 3208 1445 3269 ‘versari
1471 3229 1571 3268 me
1607 3209 1673 3267 in
1716 3215 1927 3267 nostro
1954 3208 2153 3268 veteri
2180 3208 2500 3285 curricuIO,

462 3305 571 3367 illo
598 3305 837 3366 aemulo
867 3313 1053 3383 atque
1095 3305 1404 3366 imitatore
1433 3307 1775 3365 studiorum
1806 3326 1878 3365 ac
1918 3304 2194 3363 laborum
2219 3323 2501 3364 meorum

461 3404 634 3483 quasi
661 3403 922 3480 quodam
952 3404 1115 3462 socio
1138 3424 1174 3460 a
1196 3422 1294 3462 me
1318 3409 1385 3461 et
1412 3403 1634 3462 comite
1664 3403 1975 3462 distracta
2063 3400 2233 3479 Ergo
2256 3407 2324 3460 et
2351 3401 2502 3459 mihi

458 3521 632 3562 meae
660 3499 956 3577 pristinae
984 3500 1154 3558 vitae
1182 3499 1706 3575 consuetudinem,
1737 3498 1803 3559 O.
1832 3498 2076 3574 Caesar,
2105 3498 2502 3557 interclusam

461 3596 753 3676 aperuisti
804 3601 870 3654 et
909 3595 1003 3653 his
1045 3595 1326 3653 omnibus
1345 3595 1435 3652 ad
1475 3594 1635 3654 bene
1664 3595 1743 3654 de
1784 3597 1950 3654 omni
1978 3616 2044 3654 re
2071 3594 2325 3673 publica
2367 3614 2503 3671 spe·

369 3708 434 3755 20
458 3695 732 3767 randum,
762 3692 937 3770 quasi
983 3693 1227 3771 signum
1256 3691 1508 3768 aliquod
1554 3692 1874 3753 sustulisti.
1962 3691 2360 3752 Intellectum
2404 3697 2501 3750 est

465 3792 629 3850 enim
651 3789 800 3845 mihi
824 3791 1068 3873 quidem
1094 3789 1156 3844 in
1179 3787 1391 3844 multis
1413 3793 1478 3846 et
1498 3789 1763 3848 maxime
1785 3789 1849 3846 in
1868 3809 1968 3848 me
1990 3789 2147 3866 ipso,
2170 3790 2283 3871 sed
2309 3789 2501 3866 paulo
