2725 4299
352 277 389 335 6
892 271 968 323 m
1012 270 1382 321 CATILINAM
1426 269 1671 321 ORATIO
1715 270 1942 322 PRIMA.

457 434 803 496 incredibili
843 433 1074 494 scelere
1102 433 1219 493 hoc
1248 433 1449 493 scelus
1490 431 1870 493 cumulasti?
1950 429 2133 505 Quod
2161 451 2283 512 ego
2320 452 2496 513 prae-

457 533 737 601 termitto
782 536 850 591 et
894 529 1079 590 facile
1125 530 1333 608 patior
1380 528 1565 604 sileri,
1611 548 1691 588 ne
1737 527 1807 587 in
1851 527 1970 588 hac
2023 529 2279 590 civitate
2329 534 2495 592 tanti

457 627 740 688 facinoris
783 626 1134 686 immanitas
1178 630 1290 685 aut
1331 624 1647 686 exstitisse
1689 630 1800 683 aut
1838 643 1965 684 non
1998 624 2311 686 vindicata
2351 647 2494 690 esse

456 725 757 785 videatur.
860 721 1302 783 Praetermitto
1343 722 1552 780 ruinas
1598 721 1981 780 fortunarum
2028 728 2292 800 tuarum,
2338 743 2493 802 quas

396 834 429 881 5
459 840 670 880 omnes
722 819 1079 898 impendere
1130 818 1248 878 tibi
1300 817 1596 896 proximis
1652 817 1863 877 Idibus
1915 818 2179 881 senties:
2247 821 2327 879 ad
2381 820 2494 880 illa

456 917 661 993 veni0,
689 935 847 995 quae
873 934 998 974 non
1024 915 1106 974 ad
1130 913 1434 993 privatam
1472 913 1875 992 ignominiam
1900 914 2195 974 vitiorum
2230 921 2492 993 tuorum,

388 1084 393 1087 .
454 1035 582 1074 non
607 1014 690 1073 ad
716 1014 1111 1074 domesticam
1138 1018 1311 1070 tuam
1338 1009 1761 1072 difficultatem
1790 1032 1861 1072 ac
1886 1013 2353 1092 turpitudinem,
2379 1015 2496 1076 sed

458 1111 537 1171 ad
563 1131 862 1171 summam
888 1130 1018 1170 rem
1045 1108 1356 1187 publicam
1385 1114 1573 1186 atque
1603 1108 1685 1167 ad
1710 1109 1978 1170 omnium
2005 1116 2281 1171 nostrum
2301 1112 2494 1187 vitam

456 1207 837 1285 salutemque
864 1205 1190 1284 pertinent.

367 1314 429 1362 10
576 1302 874 1363 Potestne
899 1301 1018 1361 tibi
1043 1288 1197 1360 haec
1224 1300 1352 1377 lux,
1385 1300 1673 1379 Catilina,
1702 1307 1812 1361 aut
1836 1301 2023 1382 hujus
2050 1303 2202 1365 caeli
2242 1306 2494 1384 spiritus

457 1418 594 1459 esse
619 1398 940 1478 jucundus,
961 1417 1150 1475 quum
1178 1397 1335 1456 scias
1365 1417 1503 1458 esse
1529 1397 1748 1457 borum
1773 1399 2078 1459 neminem
2103 1401 2211 1478 qui
2236 1402 2495 1480 nesciat,

454 1501 521 1555 te
563 1495 764 1573 pridie
811 1493 1132 1564 Kalendas
1171 1493 1213 1552 J
1213 1494 1499 1553 annarias
1547 1494 1785 1572 Lepido
1826 1500 1893 1555 et
1917 1494 2099 1554 Tullo
2141 1497 2496 1559 consulibus

457 1592 706 1651 stetisse
749 1590 815 1649 in
844 1590 1092 1651 comitio
1135 1609 1276 1650 cum
1308 1590 1440 1650 telo
1458 1593 1488 1652 ἲ
1526 1611 1776 1649 manum
1820 1590 2139 1650 consulum
2166 1598 2234 1652 et
2274 1582 2499 1671 princi-

455 1708 604 1767 pum
643 1687 914 1748 civitatis
953 1686 1513 1747 interficiendorum
1553 1707 1736 1747 causa
1774 1687 2089 1766 paravisse
2105 1689 2137 1751 ἲ
2177 1689 2395 1750 sceleri
2420 1711 2497 1751 ac

368 1795 427 1843 15
457 1785 647 1844 furori
693 1790 806 1845 tuo
852 1804 979 1843 non
1025 1790 1298 1844 mentem
1347 1784 1616 1862 aliquam
1663 1789 1775 1843 aut
1820 1785 2102 1845 timorem
2149 1791 2343 1862 tuum,
2380 1787 2496 1846 sed

457 1883 764 1942 fortunam
790 1881 1007 1960 populi
1034 1881 1295 1942 Romani
1321 1881 1645 1941 obstitisse
1666 1882 1698 1943 P
1777 1878 1875 1940 Ac
1907 1881 2034 1961 jam
2060 1881 2165 1941 illa
2190 1882 2497 1942 omitto—

454 1998 654 2056 neque
702 1979 866 2038 enim
919 1984 1068 2038 sunt
1115 1984 1227 2037 aut
1283 1978 1543 2038 obscura
1596 1983 1707 2036 aut
1752 1997 1878 2037 non
1920 1977 2111 2037 multa
2167 1980 2495 2040 commissa

455 2083 677 2153 postea
702 2107 785 2116 —
811 2075 1055 2153 quoties
1108 2080 1181 2134 tu
1233 2094 1332 2134 me
1387 2074 1806 2154 designatum,
1861 2075 2103 2153 quoties
2172 2075 2488 2136 consulem

455 2170 792 2231 interficere
818 2170 1105 2233 voluisti!
1189 2169 1360 2244 Quot
1380 2191 1501 2249 ego
1525 2177 1670 2231 tuas
1690 2172 2027 2250 petitiones
2053 2173 2142 2232 ita
2162 2175 2492 2253 conjectas,

365 2277 430 2325 20
458 2273 530 2326 ut
555 2267 739 2328 vitari
776 2286 963 2345 posse
1004 2287 1129 2326 non
1156 2266 1532 2343 viderentur,
1560 2288 1752 2346 parva
1778 2268 2043 2346 quadam
2082 2270 2493 2331 declinatione

455 2369 542 2439 et,
568 2368 640 2421 ut
666 2364 859 2439 aiunt,
881 2383 1133 2442 corpore
1160 2364 1389 2443 effugi!
1472 2363 1644 2424 Nihil
1671 2366 2034 2443 assequeriS,
2052 2386 2254 2444 neque
2279 2373 2493 2427 tamen

455 2460 662 2519 conari
701 2480 773 2519 ac
798 2459 962 2521 velle
997 2460 1269 2521 desistis,
1357 2458 1619 2533 Quoties
1644 2460 1763 2520 tibi
1800 2462 1929 2542 jam
1957 2468 2200 2522 extorta
2227 2470 2325 2522 est
2364 2463 2493 2523 sica

456 2557 580 2615 ista
606 2557 685 2620 de
712 2557 994 2616 manibus
1018 2558 1034 2619 l
1076 2556 1322 2635 quoties
1351 2557 1583 2617 excidit
1609 2557 1817 2635 aliquo
1844 2578 1991 2617 casu
2018 2565 2085 2619 et
2111 2558 2323 2638 elapsa
2348 2566 2448 2620 est
2472 2562 2490 2622 l

457 2650 631 2725 Quae
673 2653 924 2731 quidem
966 2654 1192 2732 quibus
1233 2653 1346 2712 abs
1388 2658 1454 2713 te
1501 2653 1741 2711 initiata
1775 2654 1963 2712 sacris
2008 2674 2079 2714 ac
2117 2655 2342 2717 devota
2384 2655 2492 2732 sit,

363 2759 426 2807 25
456 2749 687 2825 nescio,
715 2751 882 2827 quod
923 2770 1062 2810 eam
1108 2769 1366 2811 necesse
1408 2755 1592 2828 putas
1641 2768 1780 2810 esse
1821 2750 1887 2808 in
1927 2750 2197 2810 consulis
2235 2770 2491 2830 corpore

454 2844 739 2923 defigere.
1781 2903 1786 2906 .

576 2940 719 3001 VIL
764 2941 948 3001 Nunc
975 2962 1122 3003 vero
1162 2962 1320 3021 quae
1349 2949 1459 3001 tua
1485 2948 1585 3003 est
1624 2942 1749 3001 ista
1774 2943 1951 3004 vita?
2032 2941 2135 3003 Sic
2160 2943 2323 3002 enim
2360 2943 2491 3022 jam

455 3042 660 3097 tecum
686 3036 918 3114 loquar,
940 3058 1064 3097 non
1091 3044 1164 3097 ut
1189 3039 1334 3099 odio
1359 3045 1681 3117 permotus
1709 3059 1849 3101 esse
1869 3039 2099 3116 videar,
2121 3058 2246 3117 quo
2272 3039 2491 3117 debeO,

459 3133 570 3193 sed
595 3140 668 3192 ut
688 3134 1119 3212 misericordia,
1141 3155 1300 3213 quae
1328 3135 1447 3195 tibi
1474 3136 1645 3195 nulla
1664 3136 1939 3197 debetur.
2024 3135 2274 3196 Venisti
2301 3134 2493 3213 paulo

365 3240 431 3288 30
460 3236 603 3290 ante
628 3230 695 3288 in
723 3237 1019 3292 senatum.
1105 3229 1259 3304 Quis
1301 3237 1368 3291 te
1396 3252 1475 3291 ex
1513 3231 1628 3291 hac
1662 3238 1841 3292 tanta
1881 3232 2244 3311 frequentia,
2271 3237 2369 3291 tot
2409 3252 2493 3291 ex

458 3327 581 3385 tuis
608 3326 816 3386 amicis
844 3347 915 3386 ac
940 3328 1302 3387 necessariis
1330 3326 1626 3387 salutavit
1642 3329 1673 3388 Ῥ
1755 3328 1823 3388 Si
1850 3329 1969 3389 hoc
2007 3334 2155 3407 post
2178 3328 2492 3388 hominum

458 3423 809 3482 memoriam
857 3424 1123 3503 contigit
1166 3425 1419 3501 nemini,
1446 3425 1612 3484 vocis
1662 3432 1990 3503 exspectas
2035 3422 2493 3500 contumeliam,

459 3539 642 3597 quum
665 3519 748 3577 sis
768 3520 1130 3597 gravissimo
1147 3520 1380 3598 judicio
1400 3520 1840 3581 taciturnitatis
1861 3542 2194 3601 oppressus
2208 3524 2239 3583 ⁴?
2304 3519 2493 3596 Quid,

459 3616 626 3694 quod
672 3614 942 3674 adventu
988 3621 1098 3675 tuo
1139 3616 1263 3675 ista
1306 3615 1595 3676 subsellia
1632 3619 1993 3679 vacuefacta
2037 3626 2184 3679 sunt
2199 3620 2230 3680 *ι’
2309 3615 2493 3690 Quod

368 3720 432 3769 35
462 3730 673 3771 omnes
717 3709 1087 3787 consulareS,
1115 3712 1220 3788 qui
1259 3711 1380 3771 tibi
1422 3732 1723 3791 persaepe
1762 3714 1843 3775 ad
1869 3715 2123 3777 caedem
2168 3714 2496 3775 constituti

464 3806 729 3882 fuerunt,
765 3805 944 3870 simul
989 3814 1176 3884 atque
1221 3809 1531 3884 assedisti,
1558 3815 1798 3885 partem
1841 3811 2024 3871 istam
2068 3810 2496 3874 subselliorum
