2725 4299
719 292 788 342 IN
830 290 1187 342 ANTONIUM
1231 291 1477 341 ORATIO
1522 291 1749 341 PRIMA.
2183 297 2299 359 127

178 458 327 532 isset,
355 454 521 533 quod
564 460 668 514 est
708 454 953 531 lautius,
979 455 1213 513 nemini
1252 454 1638 532 probaretis3
1680 455 1744 513 in
1782 454 1988 534 judice
2028 456 2196 515 enim

177 552 416 630 spectari
453 559 522 610 et
555 552 807 611 fortuna
839 552 1028 611 debet
1075 557 1143 611 et
1184 551 1479 629 dignitas,
1566 552 1603 582 “
1621 552 1765 611 Non
1795 570 2025 629 quaero
2042 552 2081 582 ”
2109 554 2198 611 in-

175 648 290 727 quit
331 649 366 679 “
384 648 544 708 ista:
607 648 769 708 addo
814 649 1003 709 etiam
1056 647 1298 728 judices
1345 647 1761 726 manipulares
1815 669 1896 708 ex
1948 648 2196 728 legione

175 744 529 803 Alaudarum
548 767 567 821 ;
612 745 796 806 aliter
821 746 986 805 enim
1014 746 1213 804 nostri
1229 751 1467 824 negant
1485 765 1670 823 posse
1689 765 1756 805 se
1776 744 1979 806 salvos
1996 746 2195 807 esse.”

174 841 221 902 Ο
244 841 747 902 contumeliosum
775 842 1069 902 honorem
1095 843 1190 917 iia,
1219 862 1376 920 quos
1404 842 1486 900 ad
1509 842 1907 921 judicandum
1928 862 2043 903 nec
2069 845 2198 922 opi-

171 945 365 997 nantes
391 940 673 1000 vocatis!
716 939 815 999 hic
843 940 1010 998 enim
1040 943 1139 999 est
1164 938 1323 1017 legis
1351 938 1560 1014 index,
1589 944 1662 996 ut
1688 938 1733 996 ii
1759 958 1858 997 res
1899 938 1965 996 in
2006 939 2199 998 tertia

172 1035 388 1095 decuria
412 1035 720 1115 judicent,
750 1036 858 1112 qui
885 1035 1078 1095 libere
1111 1035 1393 1113 judicare
1421 1054 1547 1093 non
1589 1035 1876 1095 audeant.
1961 1035 2037 1094 In
2076 1056 2201 1113 quo

171 1138 413 1209 quantus
459 1153 636 1193 error
676 1141 794 1209 est,
822 1133 907 1190 dii
933 1131 1325 1209 immortale8‚
1356 1152 1589 1207 eorum,
1619 1133 1723 1209 qui
1764 1133 1950 1192 istam
1992 1131 2200 1211 legem

173 1228 705 1307 excogitaverunt!
787 1227 881 1289 Ut
901 1230 1066 1289 enim
1094 1229 1351 1306 quisque
1383 1228 1841 1287 sordidissimus
1867 1229 2198 1306 videbitur,

168 1324 244 1382 ita
256 1324 663 1385 libentissime
683 1325 1016 1386 severitate
1043 1326 1364 1405 judicandi
1385 1325 1596 1385 sordes
1615 1345 1756 1384 suas
1774 1325 1944 1386 eluet
1969 1325 2200 1386 labora-

171 1420 364 1499 bitque
389 1429 462 1480 ut
503 1423 795 1483 honestis
822 1423 1081 1483 decuriis
1121 1423 1335 1501 potius
1365 1422 1587 1501 dignus
1616 1422 1897 1483 videatur
1923 1443 2105 1503 quarn
2131 1424 2198 1483 in

172 1523 390 1595 turpem
415 1519 556 1598 jure
577 1519 917 1599 conjectus·

271 1614 379 1675 IX.
422 1613 652 1676 Altera
681 1615 1070 1694 promulgata
1097 1614 1202 1675 lex
1229 1622 1346 1692 est,
1376 1622 1447 1674 ut
1474 1622 1539 1675 et
1565 1616 1644 1675 de
1671 1616 1734 1675 vi
1763 1624 1828 1675 et
1854 1616 2199 1696 majestatis

173 1709 419 1770 damnati
445 1713 528 1772 ad
554 1712 863 1792 populum
889 1717 1245 1790 provocent,
1269 1713 1320 1770 si
1348 1711 1559 1773 velint.
1645 1711 1821 1771 Haec
1842 1717 2047 1771 utrum
2069 1719 2200 1771 tan-

177 1806 297 1865 dem
329 1808 431 1867 lex
472 1816 573 1869 est
604 1830 689 1868 an
714 1809 925 1888 legum
950 1810 1216 1869 omnium
1247 1808 1623 1868 dissolutio?
1706 1806 1863 1880 Quis
1892 1815 1990 1868 est
2032 1810 2199 1868 enim

174 1901 347 1981 hodie,
376 1907 553 1986 cujus
582 1906 839 1966 intersit
864 1907 1050 1965 istam
1077 1905 1284 1985 legem
1315 1924 1559 1965 manere
1576 1905 1606 1964 Ῥ
1688 1903 1891 1963 Nemo
1917 1925 2059 1964 reus
2102 1918 2202 1964 est

174 1998 388 2079 legibus
427 2004 585 2081 illis,
630 2023 813 2064 nemo
860 2023 1046 2081 quem
1091 2004 1364 2063 futurum
1417 2008 1703 2079 putemus
1718 2022 1735 2078 ;
1800 2002 1984 2060 armis
2034 2002 2199 2062 enim

175 2105 331 2175 gesta
366 2120 688 2181 nunquam
727 2101 1006 2181 profecto
1048 2101 1113 2159 in
1154 2100 1456 2181 judicium
1485 2099 1882 2163 vocabuntur.
1968 2098 2061 2158 At
2102 2120 2199 2161 res

178 2197 477 2273 popularis.
572 2199 833 2260 Utinam
875 2200 1126 2278 quidem
1155 2199 1387 2278 aliquid
1418 2198 1661 2260 velletis
1692 2219 1830 2260 esse
1859 2198 2154 2279 populare
2179 2200 2195 2260 1

180 2309 364 2354 omnes
391 2297 560 2356 enim
602 2298 730 2376 jam
759 2297 926 2357 cives
955 2296 1034 2356 de
1061 2295 1151 2356 rei
1179 2296 1467 2374 publicae
1511 2296 1711 2357 salute
1741 2317 1862 2356 una
1891 2304 1957 2358 et
1986 2303 2197 2357 mente

183 2393 236 2444 et
256 2409 394 2451 voce
422 2394 846 2454 consentiunt.

281 2484 448 2560 Quae
475 2477 952 2569 est'igitur-ista
980 2489 1292 2568 cupiditas
1321 2488 1483 2569 legis
1528 2491 1665 2570 ejus
1705 2491 2012 2566 ferendae,
2039 2510 2199 2568 quae

183 2583 606 2659 turpitudinem
662 2607 961 2646 summam
1015 2585 1263 2663 habeat,
1318 2588 1585 2665 gratiam
1655 2585 1931 2647 nullam?
2034 2584 2201 2658 Quid

185 2678 324 2738 enim
350 2686 595 2763 turpius
623 2704 806 2762 quam
833 2684 940 2761 qui
966 2683 1358 2762 majestatem
1391 2682 1605 2761 populi
1626 2682 1890 2741 Romani
1910 2680 2202 2740 minuerit

186 2789 277 2848 per
296 2777 433 2857 vim,
462 2802 609 2843 eum
636 2781 993 2840 damnatum
1035 2780 1269 2859 judicio
1297 2781 1378 2839 ad
1408 2799 1546 2840 eam
1574 2779 1770 2858 ipsam
1798 2779 1927 2839 vim
1953 2777 2201 2855 reverti,

186 2880 408 2950 propter
431 2898 620 2957 quam
646 2878 731 2937 sit
769 2878 907 2957 jure
936 2877 1262 2936 damnatus
1280 2878 1311 2936 Ρ
1395 2875 1522 2936 Sed
1560 2877 1710 2954 quid
1738 2874 1913 2954 plura
1941 2875 2020 2935 de
2058 2875 2202 2954 lege

189 2965 409 3047 disputo
428 2976 460 3035 *Ρ
543 2975 721 3054 quasi
760 2994 910 3035 vero
951 2975 1018 3033 id
1059 2979 1284 3052 agatur
1310 2979 1382 3031 ut
1410 2973 1737 3050 quisquam
1763 2978 2092 3050 provocet:
2137 2973 2203 3033 id

189 3065 387 3146 agitur,⁵
414 3072 478 3132 id
508 3073 720 3148 fertur,
747 3092 828 3132 ne
856 3072 993 3150 quis
1035 3072 1285 3130 omnino
1313 3089 1586 3147 unquam
1612 3070 1748 3130 istis
1775 3069 2019 3150 legibus
2060 3091 2200 3131 reus

191 3157 297 3222 fiat.
373 3166 527 3240 Quis
575 3169 736 3228 enim
775 3174 884 3226 aut
924 3173 1245 3227 accusator
1285 3172 1416 3224 tam
1453 3186 1665 3226 amens
1705 3168 2062 3246 reperietur,
2092 3169 2199 3246 qui

192 3275 281 3315 reo
305 3267 701 3326 condemnato
730 3265 999 3344 objicere
1028 3284 1097 3324 se
1123 3262 1510 3322 multitudini
1537 3264 1875 3325 conductae
1902 3266 2075 3342 velit,
2094 3272 2203 3324 aut

205 3350 390 3434 iudex,
438 3363 544 3440 qui
585 3381 754 3421 reum
793 3361 1084 3419 damnare
1134 3361 1380 3436 audeat,
1409 3364 1480 3417 ut
1524 3357 1660 3437 ipse
1698 3362 1781 3420 ad
1808 3382 2025 3440 operas
2052 3382 2203 3421 mer-

196 3457 482 3516 cennarias
512 3458 721 3516 statim
750 3457 1141 3534 protrahatur
1161 3459 1190 3516 ⁶?
1274 3456 1418 3515 Non
1464 3456 1656 3534 igitur
1680 3458 2039 3536 provocatio
2081 3456 2201 3513 ista

195 3540 316 3622 lege
339 3551 530 3628 datur,
558 3554 669 3613 sed
697 3553 855 3613 duae
883 3553 1153 3612 maxime
1174 3552 1476 3612 salutares
1497 3552 1670 3631 leges
1689 3555 2202 3630 quaestionesque

201 3639 480 3710 tolluntur.
566 3649 732 3723 Quid
773 3655 874 3736 est
919 3649 1084 3708 aliud
1128 3649 1361 3708 hortari
1406 3649 1855 3721 adolescenteS‚
1883 3652 1956 3704 ut
1995 3644 2206 3702 turbu-

2242 1344 2304 1391 10

2243 1826 2303 1872 15

2240 2310 2305 2356 20

2242 2800 2304 2847 25

2244 3290 2309 3335 30

200 3731 350 3817 lenti,
376 3751 443 3803 ut
470 3747 771 3823 seditiosi,
800 3753 874 3805 ut
901 3746 1234 3824 perniciosi
1276 3746 1446 3804 cives
1486 3746 1688 3805 velint
1730 3743 1917 3802 esse?
1998 3735 2203 3809 Quam
2245 3767 2307 3813 35

204 3839 382 3897 autem
419 3844 497 3903 ad
537 3849 774 3921 pestem
816 3845 984 3902 furor
1024 3843 1386 3902 tribunicius
1429 3840 1664 3918 impelli
1689 3858 1816 3896 non
1842 3835 2071 3916 poterit
2107 3836 2204 3899 his
