2725 4299
746 284 837 333 DE
883 283 1160 333 IMPERIO
1207 282 1304 332 GN.
1353 282 1628 333 POMPEII
1672 283 1929 333 ORATIO.
2341 289 2416 348 65

260 448 568 525 scriptura
589 445 856 523 vectigal
878 445 1222 505 conservari
1240 451 1454 523 potest
1476 464 1491 504 z
1535 464 1724 522 quare
1744 464 1931 523 saepe
1951 446 2149 505 totius
2169 448 2314 505 anni

257 544 501 603 fructus
520 562 646 601 uno
667 560 910 600 rumore
936 540 1190 619 periculi
1211 547 1398 619 atque
1420 561 1544 600 uno
1569 530 1715 600 belli
1734 548 1965 601 terrore
1987 542 2307 603 amittitur.

380 638 525 712 Quo
568 639 820 698 tandem
864 638 1068 696 animo
1111 657 1248 697 esse
1285 639 1654 696 existimatis
1684 645 1794 696 aut
1833 658 1959 714 eOS,
1990 640 2095 717 qui
2124 640 2311 699 vecti-

259 735 426 815 galia
451 736 633 795 nobis
674 735 1016 812 pensitant,
1045 740 1154 791 aut
1181 753 1309 809 eOS,
1336 734 1445 812 qui
1486 742 1778 794 exercent
1809 741 1999 813 atque
2027 736 2309 814 exigunt,

259 852 449 910 quum
478 834 602 891 duo
629 850 813 910 reges
840 851 977 890 cum
1003 830 1284 888 maximis
1312 831 1503 908 copiis
1543 837 1799 909 propter
1825 832 2032 891 adsint
2052 834 2082 892 ’Β
2121 853 2306 909 quum
2335 850 2363 894 5

259 950 382 988 una
403 929 689 989 excursio
710 928 1023 1005 equitatus
1051 927 1332 1005 perbrevi
1353 933 1631 1005 tempore
1653 929 1847 987 totius
1869 930 2016 986 anni
2036 929 2309 1007 vectigal

258 1027 500 1086 auferre
541 1026 743 1104 possit
763 1026 794 1086 Ῥ
833 1044 1021 1102 quum
1061 1024 1372 1102 publicani
1400 1024 1665 1083 familias
1705 1025 2025 1101 maximaS,
2054 1045 2207 1103 quas
2244 1026 2308 1083 in

259 1122 521 1182 saltibus
561 1122 813 1197 habent,
842 1140 995 1199 quas
1023 1122 1090 1179 in
1131 1122 1320 1199 agriS,
1349 1140 1505 1198 quas
1531 1122 1597 1179 in
1635 1122 1939 1199 portubus
1969 1128 2156 1199 atque
2183 1141 2310 1181 cus—

258 1220 472 1296 todiis,
505 1238 733 1297 magno
777 1218 1051 1296 periculo
1095 1237 1164 1277 se
1208 1217 1435 1277 habere
1476 1217 1849 1278 arbitrentur
1868 1219 1899 1279 ⁴?
1980 1217 2307 1278 Putatisne

259 1336 372 1376 vos
413 1315 537 1374 illis
582 1316 766 1375 rebus
809 1315 928 1373 frui
970 1334 1175 1393 posse,
1202 1313 1321 1372 nisi
1367 1334 1492 1391 eOS,
1522 1315 1630 1392 qui
1655 1315 1832 1374 vobis
1871 1316 2100 1375 fructui
2141 1321 2306 1392 sunt,
2336 1330 2397 1378 10

260 1413 714 1488 conservaritis,
742 1431 866 1470 non
895 1411 1109 1487 solum,
1132 1417 1204 1469 ut
1232 1417 1380 1470 ante
1408 1411 1557 1487 dixi,
1580 1410 1949 1488 calamitate,
1979 1412 2090 1471 sed
2117 1412 2306 1472 etiam

259 1508 632 1569 calamitatis
660 1508 984 1567 formidine
1012 1507 1308 1567 liberatos
1329 1508 1360 1568 Ῥ

381 1606 528 1666 VII.
573 1604 671 1665 Ac
711 1625 792 1665 ne
836 1604 990 1663 illud
1017 1604 1266 1682 quidem
1304 1605 1481 1664 vobis
1524 1605 1966 1683 negligendum
1994 1613 2113 1683 est,
2141 1605 2307 1683 quod

260 1703 414 1761 mihi
460 1723 579 1781 ego
626 1709 968 1762 extremum
1023 1721 1487 1779 proposueram,
1535 1722 1723 1779 quum
1773 1722 1975 1761 essem
2024 1702 2104 1761 de
2158 1700 2306 1760 belli

260 1820 489 1879 genere
509 1801 805 1874 dicturuS,
828 1799 991 1876 quod
1012 1798 1093 1856 ad
1111 1797 1444 1857 multorum
1464 1797 1626 1856 bona
1647 1796 1873 1857 civium
1893 1797 2304 1857 Romanorum
2334 1816 2394 1862 15

259 1898 569 1975 pertinet:
613 1916 873 1974 quorum
913 1895 1088 1955 vobis
1127 1915 1241 1973 pro
1281 1901 1491 1954 vestra
1533 1895 1856 1973 sapientia,
1884 1892 2178 1971 Quirites,
2206 1895 2308 1953 ba-

261 1995 462 2053 benda
511 2000 609 2052 est
655 1993 814 2051 ratio
862 1991 1209 2071 diligenter.
1321 1991 1485 2050 Nam
1536 1996 1604 2051 et
1649 1991 1981 2069 publicani,
2028 1990 2306 2051 homines

260 2090 679 2151 honestissimi
726 2096 909 2169 atque
950 2090 1339 2167 ornatissimi,
1379 2109 1521 2148 suas
1565 2090 1834 2149 rationes
1879 2097 1946 2151 et
1989 2091 2199 2170 copias
2238 2091 2306 2149 in

257 2188 421 2248 illam
450 2189 832 2266 provinciam
860 2188 1271 2264 contulerunt,
1300 2209 1556 2266 quorum
1584 2189 1856 2266 ipsorum
1882 2209 1993 2267 per
2021 2209 2087 2249 se
2115 2209 2213 2249 res
2240 2195 2306 2250 et

258 2285 539 2345 fortunae
569 2286 745 2348 vobis
774 2304 953 2345 curae
982 2304 1121 2344 esse
1148 2285 1421 2361 debent;
1464 2286 1695 2345 etenim
1737 2286 1790 2344 si
1816 2286 2146 2365 vectigalia
2172 2306 2305 2345 ner·
2329 2300 2394 2347 20

259 2404 370 2445 vos
397 2403 535 2443 esse
571 2383 662 2441 rei
701 2381 982 2461 publicae
1025 2402 1268 2460 semper
1294 2383 1603 2459 duximuS,
1633 2403 1776 2443 eum
1816 2390 1979 2443 certe
2007 2384 2303 2459 ordinem,

259 2479 368 2559 qui
394 2487 643 2540 exercet
669 2479 794 2555 illa,
821 2479 1269 2539 firmamentum
1295 2486 1635 2539 ceterorum
1664 2480 1944 2538 ordinum
1971 2486 2138 2539 recte
2166 2499 2304 2540 esse

259 2578 548 2637 dicemus,

378 2675 628 2736 Deinde
670 2696 748 2734 ex
796 2674 1014 2733 ceteris
1062 2674 1378 2734 ordinibus
1426 2673 1704 2733 homines
1752 2673 1941 2751 gnavi
1990 2679 2177 2749 atque
2219 2672 2305 2729 in-

256 2772 480 2831 dustrii
509 2773 733 2849 partim
761 2771 880 2848 ipsi
908 2771 973 2828 in
1000 2768 1155 2829 Asia
1194 2771 1611 2849 negotiantur,
1639 2768 1860 2847 quibus
1888 2788 2001 2830 vos
2042 2768 2305 2827 absenti·
2328 2784 2390 2832 25

256 2869 374 2929 bus
423 2867 741 2928 consulere
790 2867 1050 2943 debetis,
1089 2868 1311 2945 partim
1361 2887 1572 2926 eorum
1618 2866 1682 2923 in
1724 2886 1799 2924 ea
1843 2864 2158 2943 provincia
2201 2885 2305 2943 pe-

256 2968 472 3026 cunias
518 2976 773 3044 magnas
801 2963 1130 3023 collocatas
1170 2963 1419 3023 babent.
1505 2963 1645 3021 Erit
1672 2962 1865 3042 igitur
1902 2962 2305 3022 humanitatis

255 3070 503 3125 vestrae
547 3080 842 3140 magnum
884 3081 1200 3119 numerum
1245 3080 1455 3120 eorum
1501 3061 1728 3120 civium
1773 3059 2125 3121 calamitate
2170 3081 2306 3139 pro-

253 3159 489 3235 hibere,
520 3159 859 3236 sapientiae
899 3157 1128 3232 videre,
1166 3156 1492 3215 multorum
1539 3157 1766 3216 civium
1810 3157 2225 3217 calamitatem
2266 3178 2303 3215 a

256 3278 324 3317 re
352 3256 598 3335 publica
624 3256 961 3334 sejunctam
984 3274 1120 3313 esse
1149 3274 1271 3312 non
1300 3273 1500 3330 posse.
1585 3252 1831 3311 Etenim
1861 3255 2123 3331 primum
2148 3253 2303 3312 illud
2328 3269 2393 3315 30

254 3354 661 3433 parvi‘refert,
682 3373 795 3410 nos
821 3350 1163 3429 publicanis
1185 3350 1430 3407 amissis
1452 3349 1786 3427 vectigalia
1811 3359 2031 3427 postea
2050 3351 2304 3410 victoria

254 3469 621 3527 recuperare
645 3470 661 3524 ;
703 3468 902 3524 neque
923 3447 1086 3506 enim
1108 3447 1323 3505 iisdem
1347 3447 1686 3505 redimendi
1707 3446 1967 3505 facultas
1988 3448 2103 3506 erit
2128 3465 2304 3521 prop-

256 3547 356 3606 ter
383 3546 798 3605 calamitatem
828 3563 1031 3621 neque
1060 3543 1194 3601 aliis
1222 3542 1508 3602 voluntas
1536 3549 1788 3619 propter
1815 3543 2111 3601 timorem.

382 3642 651 3715 Deinde,
679 3641 840 3718 quod
882 3659 994 3698 nos
1040 3640 1256 3698 eadem
1286 3637 1444 3696 Asia
1489 3645 1675 3714 atque
1703 3639 1866 3696 idem
1909 3638 2028 3695 iste
2069 3636 2305 3695 Mithri-

260 3740 440 3798 dates
468 3738 650 3795 initio
676 3735 822 3796 belli
851 3734 1112 3794 Asiatici
1141 3736 1371 3809 docuit,
1393 3734 1455 3790 id
1484 3734 1730 3810 quidem
1758 3739 1923 3790 certe
1952 3732 2300 3794 calamitate
2328 3748 2389 3794 35

258 3836 434 3894 docti
459 3834 746 3893 memoria
773 3833 1040 3892 retinere
1069 3832 1382 3890 debemuS.
1412 3886 1419 3894 ,
1469 3830 1624 3887 Nam
1655 3837 1806 3901 tum,
1836 3847 2024 3903 quum
2053 3829 2117 3887 in
2146 3829 2303 3888 Asia
