2725 4299
800 271 931 321 PRO
974 271 1233 322 ARCHIA
1276 271 1494 322 POETA
1536 272 1795 323 ORATIO.
2292 275 2371 334 53

209 433 493 492 hauriam
535 434 759 494 sentio,
843 433 1007 494 Nam
1034 436 1158 493 nisi
1184 434 1520 493 multorum
1559 433 1907 514 praeceptis
1935 433 2270 512 multisque

209 531 446 591 litteris
488 530 638 589 mihi
682 530 763 590 ab
804 531 1222 590 adolescentia
1265 532 1615 608 suasissem,
1647 532 1799 590 nihil
1844 551 1982 591 esse
2030 532 2096 589 in
2139 531 2270 591 vita

213 648 445 707 magno
474 648 661 706 opere
684 627 1103 705 expetendum
1130 627 1253 687 nisi
1280 627 1526 688 laudem
1556 634 1742 706 atque
1769 628 2182 704 honestatem,
2205 628 2268 685 in

213 745 290 784 ea
339 731 553 784 autem
607 725 1039 803 persequenda
1087 743 1300 784 omnes
1349 726 1659 784 cruciatus
1715 725 2009 803 corporis,
2058 724 2267 784 omnia

211 821 493 901 pericula
534 822 751 880 mortis
793 829 981 898 atque
1010 820 1210 881 exsilii
1250 821 1423 899 parvi
1460 841 1599 881 esse
1627 823 1926 898 ducenda,
1952 841 2264 899 nunquam
2294 838 2322 884 6

213 939 317 977 me
359 939 472 997 pro
501 916 702 977 salute
729 924 937 979 vestra
963 918 1029 975 in
1057 924 1156 977 tot
1184 938 1254 977 ac
1280 924 1491 977 tantas
1520 918 1947 977 dimicationes
1987 924 2176 995 atque
2200 918 2266 975 in

216 1014 334 1075 hos
353 1014 816 1094 profligatorum
842 1014 1157 1073 hominum
1178 1014 1575 1092 quotidianos
1595 1014 1864 1092 impetus
1885 1014 2263 1093 objecissem.

218 1111 346 1171 Sed
387 1111 558 1190 pleni
586 1129 802 1170 omnes
831 1116 972 1169 sunt
1010 1109 1170 1185 libri,
1198 1109 1420 1188 plenae
1450 1110 1826 1188 sapientium
1852 1128 2058 1186 voces,
2084 1110 2269 1187 plena

217 1207 642 1286 exemplorum
662 1213 980 1267 vetustas:
1024 1226 1183 1283 quae
1212 1206 1491 1285 jacerent
1510 1206 1574 1263 in
1603 1206 1874 1266 tenebris
1896 1207 2123 1283 omnia,
2144 1207 2266 1265 nisi

213 1305 564 1365 litterarum
604 1304 813 1363 lumen
840 1305 1180 1363 accederet.
1269 1301 1472 1376 Quam
1498 1303 1725 1363 multas
1753 1305 1934 1364 nobis
1960 1304 2264 1384 imagines
2292 1320 2356 1368 10

213 1422 344 1462 non
371 1402 570 1462 solum
598 1402 679 1460 ad
705 1401 1089 1476 intuendum,
1110 1420 1322 1459 verum
1345 1401 1537 1460 etiam
1566 1401 1645 1459 ad
1672 1401 2041 1460 imitandum
2069 1403 2267 1461 fortis-

214 1500 506 1558 simorum
539 1498 803 1558 virorum
848 1518 1174 1576 expressas
1223 1498 1551 1577 scriptores
1595 1508 1658 1560 et
1688 1498 1909 1560 Graeci
1950 1507 2017 1561 et
2056 1500 2266 1560 Latini

214 1596 636 1674 reliquerunt3
699 1613 853 1672 quas
898 1615 1019 1672 ego
1068 1595 1222 1653 mihi
1270 1615 1513 1674 semper
1557 1597 1621 1654 in
1669 1598 2151 1656 administranda
2198 1617 2265 1658 re

214 1692 466 1772 publica
508 1711 859 1770 proponens
905 1693 1174 1751 animum
1219 1698 1284 1753 et
1309 1699 1582 1753 mentem
1624 1714 1825 1753 meam
1864 1694 2001 1772 ipsa
2038 1695 2268 1773 cogita·

215 1791 389 1850 tione
416 1789 730 1848 hominum
766 1788 1204 1849 excellentium
1232 1790 1704 1850 conformabam.
2292 1802 2355 1850 15

340 1886 486 1946 VII.
532 1884 806 1959 Quaeret
849 1886 1189 1965 quispiam:
1242 1887 1279 1918 “
1302 1885 1471 1960 Quid
1492 1888 1522 1947 P
1568 1886 1659 1946 illi
1697 1888 1820 1965 ipsi
1876 1888 2097 1947 summi
2135 1888 2265 1964 viri,

217 2009 475 2068 quorum
496 1989 757 2048 virtutes
784 1988 1007 2047 litteris
1037 1989 1322 2066 proditae
1351 1995 1517 2064 sunt,
1537 1989 1738 2047 istane
1760 1988 2060 2063 doctrina,
2081 2007 2267 2065 quam

215 2097 291 2146 tu
318 2088 497 2146 effers
540 2084 846 2163 laudibuS,
875 2085 1099 2146 eruditi
1141 2086 1395 2146 fuerunt
1414 2087 1445 2147 P
1465 2084 1503 2115 ”
1585 2084 1851 2145 Difficile
1893 2092 1992 2145 est
2032 2086 2147 2146 hoc
2185 2087 2264 2147 de

216 2191 505 2250 omnibus
524 2192 896 2267 confirmare,
918 2192 1030 2252 sed
1049 2198 1259 2252 tamen
1276 2197 1375 2252 est
1389 2197 1641 2269 certum,
1659 2191 1822 2270 quod
1841 2190 2260 2269 respondeam.

217 2287 361 2367 Ego
388 2288 617 2349 multos
658 2288 936 2349 homines
965 2289 1297 2349 excellenti
1326 2290 1530 2349 animo
1559 2310 1630 2349 ac
1655 2290 1884 2350 virtute
1912 2288 2102 2347 fuisse
2130 2286 2261 2346 sine
2289 2289 2355 2336 20

217 2388 517 2462 doctrina,
545 2393 612 2445 et
638 2393 897 2446 naturae
927 2386 1125 2464 ipsius
1151 2386 1370 2445 habitu
1403 2407 1598 2465 prope
1627 2386 1836 2446 divino
1863 2406 1975 2465 per
2000 2394 2068 2444 se
2094 2384 2264 2461 ipsos

217 2489 285 2544 et
326 2483 680 2543 moderatos
729 2489 796 2544 et
841 2504 1061 2564 graves
1104 2484 1417 2545 exstitisse
1460 2485 1694 2560 fateor3
1737 2483 1926 2542 etiam
1972 2480 2126 2539 illud
2165 2479 2265 2538 ad-

214 2580 436 2658 jung-0,
487 2580 737 2658 saepius
786 2581 867 2639 ad
913 2580 1156 2640 laudem
1215 2587 1403 2658 atque
1449 2582 1747 2642 virtutem
1795 2585 2079 2637 naturam
2132 2576 2265 2634 sine

217 2677 499 2737 doctrina
521 2696 706 2754 quam
727 2677 861 2737 sine
883 2684 1104 2736 natura
1122 2676 1391 2737 valuisse
1419 2677 1775 2737 doctrinam.
1859 2672 2074 2749 Atque
2100 2671 2265 2729 idem

219 2793 342 2852 ego
383 2773 503 2833 hoc
546 2775 872 2849 contendo,
901 2793 1089 2851 quum
1132 2773 1212 2832 ad
1254 2780 1537 2833 naturam
1566 2770 1850 2831 eximiam
1879 2775 2065 2845 atque
2104 2765 2268 2825 illus·
2291 2772 2354 2821 25

218 2876 378 2930 trem
427 2870 757 2929 accesserit
810 2872 970 2930 ratio
1013 2870 1314 2948 quaedam
1364 2867 1889 2944 conformatioque
1931 2863 2266 2941 doctrinae,

222 2973 352 3025 tum
378 2966 535 3025 illud
559 2967 769 3027 nescio
797 2967 945 3045 quid
984 2967 1360 3045 praeclarum
1392 2988 1462 3027 ac
1492 2963 1801 3044 singulare
1842 2962 2038 3023 solere
2079 2962 2268 3022 exsis-

216 3069 391 3124 tere:
436 3083 519 3122 ex
560 3062 676 3123 hoc
716 3082 855 3123 esse
900 3063 1061 3123 hunc
1093 3083 1366 3139 numero,
1396 3083 1581 3141 quem
1620 3068 1830 3140 patres
1869 3060 2061 3119 nostri
2102 3060 2267 3121 vide-

216 3166 384 3235 runt,
428 3160 709 3219 divinum
747 3159 1057 3219 hominem
1101 3158 1501 3236 Africanum3
1561 3179 1642 3218 ex
1687 3157 1808 3218 boc
1855 3157 1920 3217 C.
1964 3156 2265 3233 Laelium,

217 3256 287 3317 L.
335 3256 618 3332 Furium,
660 3257 1182 3316 moderatissimos
1225 3257 1507 3317 homines
1549 3262 1614 3316 et
1658 3253 2263 3327 continentissimos3
2290 3261 2356 3307 30

218 3374 299 3413 ex
338 3353 458 3412 hoc
486 3353 889 3411 fortissimum
917 3354 1110 3413 virum
1140 3360 1206 3412 et
1247 3353 1374 3412 illis
1402 3352 1781 3430 temporibus
1820 3351 2266 3423 doctissimum,

218 3450 302 3509 M.
337 3449 636 3510 Catonem
669 3448 838 3507 illum
867 3470 1114 3509 senem:
1160 3450 1264 3527 qui
1308 3450 1602 3527 profecto,
1631 3449 1684 3507 si
1711 3448 1865 3506 nihil
1894 3448 1974 3506 ad
2010 3444 2269 3524 percipi-

217 3546 444 3606 endam
469 3545 908 3623 colendamque
926 3546 1212 3605 virtutem
1237 3545 1462 3606 litteris
1484 3546 1937 3624 adjuvarentur,
1955 3559 2268 3617 nunquam

218 3663 289 3702 se
318 3643 398 3701 ad
426 3662 640 3701 earum
670 3642 944 3700 studium
972 3641 1398 3704 contulissent.

342 3738 527 3812 Quod
556 3740 611 3796 si
640 3758 759 3797 non
790 3738 888 3796 hic
914 3744 1127 3796 tantus
1155 3739 1393 3798 fructus
1422 3738 1853 3797 ostenderetur
1879 3740 1944 3793 et
1971 3733 2025 3790 si
2054 3752 2133 3791 ex
2168 3728 2265 3790 his
2292 3740 2355 3787 35

219 3836 446 3895 studiis
477 3835 807 3894 delectatio
836 3835 968 3893 sola
997 3841 1330 3913 peteretur,
1351 3842 1581 3910 tamen,
1601 3839 1676 3892 ut
1702 3833 1936 3909 opinor,
1963 3828 2121 3888 hanc
2146 3829 2270 3886 ani-
