2725 4299
281 197 354 258 72
768 193 854 243 DE
900 191 1177 242 IMPERIO
1222 191 1321 240 CN.
1357 191 1633 242 ΡΟΜΡΕΠ
1678 190 1935 241 ORATIO.

381 355 664 416 nationes
704 355 1157 433 premebantur,
1185 353 1295 413 Cn.
1325 353 1663 431 Pompeius
1695 360 1971 413 extrema
2010 354 2211 414 hieme
2242 375 2429 434 appa-

380 453 560 528 ravit,
589 454 841 512 ineunte
869 471 1012 511 vere
1041 451 1331 528 suscepit,
1357 450 1562 509 media
1589 456 1831 510 aestate
1859 451 2133 511 confecit,

500 548 681 608 XIII.
727 547 845 607 Est
883 548 1035 606 haec
1062 548 1275 608 divina
1314 552 1500 623 atque
1540 546 1917 607 incredibilis
1943 547 2143 606 virtus
2168 547 2428 626 impera-

378 645 545 705 toris,
631 642 797 717 Quid
813 646 843 705 1³
884 650 1144 718 ceterae,
1166 663 1318 720 quas
1338 642 1528 721 paulo
1548 649 1694 702 ante
1715 662 2186 704 commemorare
2210 662 2428 722 coepe-

325 759 354 802 6
380 760 529 816 ram,
571 747 840 818 quantae
885 747 1072 817 atque
1116 759 1299 817 quam
1342 738 1574 798 multae
1618 741 1803 800 suntl
1904 739 1970 799 N
1970 760 2052 799 on
2095 741 2259 800 enim
2298 741 2428 801 bel-

377 837 546 896 landi
572 839 771 898 virtus
812 836 1010 895 solum
1037 836 1105 893 in
1133 856 1372 895 summo
1413 856 1483 894 ac
1509 836 1785 913 perfecto
1825 836 2199 914 imperatore
2242 858 2428 915 quae-

378 935 567 993 renda
596 940 713 1010 est,
743 935 853 993 sed
878 932 1111 991 multae
1139 938 1286 991 sunt
1314 938 1480 991 artes
1509 933 1775 1012 eximiae
1800 932 1983 1013 hujus
2017 933 2426 993 administrae

378 1031 753 1108 comitesque
780 1030 1046 1090 virtutis,
1129 1027 1227 1088 Ac
1254 1029 1518 1106 primum
1547 1035 1780 1106 quanta
1806 1030 2161 1089 innocentia
2188 1031 2428 1091 debent

379 1147 516 1187 esse
546 1128 627 1185 im
638 1128 983 1204 peratoresl
1027 1131 1258 1203 quanta
1286 1123 1511 1185 deinde
1552 1126 1616 1183 in
1643 1125 1923 1184 omnibus
1965 1126 2149 1185 rebus
2188 1132 2427 1204 tempe-

293 1240 353 1285 10
378 1224 613 1290 rantial
642 1228 873 1300 quanta
900 1222 1041 1298 fide,
1063 1230 1296 1299 quanta
1324 1221 1643 1297 facilitate,
1671 1228 1904 1298 quanto
1929 1222 2203 1300 ingenio,
2234 1243 2428 1301 quan-

378 1327 444 1377 ta
486 1319 904 1378 humanitate!
989 1316 1164 1390 Quae
1199 1318 1472 1378 breviter
1500 1318 1704 1395 qualia
1733 1318 1858 1382 sint
1882 1318 1948 1375 in
1976 1317 2085 1378 Cn.
2117 1317 2427 1397 Pompeio

377 1415 869 1489 consideremus3
912 1433 1147 1473 summa
1191 1416 1356 1473 enim
1398 1416 1604 1473 omnia
1649 1401 1813 1490 sunt,
1856 1412 2151 1491 QuiriteS,
2185 1415 2300 1475 sed
2347 1436 2426 1475 ea

377 1513 576 1589 magis
605 1532 683 1571 ex
710 1511 968 1571 aliorum
999 1512 1396 1571 contentione
1423 1532 1604 1589 quam
1632 1512 1767 1589 ipsa
1807 1531 1921 1590 per
1946 1531 2084 1571 sese
2126 1513 2425 1590 cognosci

377 1615 563 1687 atque
590 1608 859 1688 intelligi
886 1614 1162 1687 possunt.

291 1725 350 1772 15
497 1705 694 1779 Quem
723 1706 888 1765 enim
929 1706 1367 1784 imperatorem
1405 1724 1731 1783 possumus
1757 1704 1885 1764 ullo
1918 1706 1984 1762 in
2024 1725 2280 1764 numero
2307 1726 2426 1783 pu-

374 1809 528 1880 tare,
550 1804 725 1883 cujus
753 1804 815 1862 in
846 1804 1120 1863 exercitu
1147 1802 1524 1863 centuriatus
1551 1808 1818 1862 veneant
1845 1808 2033 1879 atque
2060 1802 2377 1861 venierint
2393 1804 2425 1863 P

376 1899 543 1974 Quid
585 1902 748 1961 hunc
787 1892 1093 1960 hominem
1137 1920 1431 1978 magnum
1473 1905 1582 1957 aut
1626 1897 1893 1976 amplum
1937 1898 2015 1957 de
2059 1918 2125 1958 re
2170 1899 2426 1977 publica

376 1998 675 2074 cogitare,
703 1998 807 2073 qui
850 1998 1175 2074 pecuniam
1220 2017 1302 2056 ex
1341 1996 1575 2056 aerario
1620 1996 2046 2073 depromptam
2074 1995 2154 2054 ad
2181 1995 2422 2055 bellum

376 2093 924 2152 administrandum
953 2098 1062 2149 aut
1087 2099 1342 2170 propter
1370 2092 1778 2171 cupiditatem
1806 2091 2152 2170 provinciae
2194 2091 2421 2170 magis-

288 2210 353 2256 20
377 2189 644 2248 tratibus
682 2189 958 2248 diviserit
986 2195 1094 2247 aut
1132 2196 1389 2267 propter
1416 2189 1736 2249 avaritiam
1780 2188 2013 2248 Romae
2041 2188 2108 2246 in
2150 2194 2421 2266 quaestu

375 2284 691 2363 reliquerit
707 2286 737 2345 P
818 2282 1049 2343 Vestra
1078 2286 1558 2345 admurmuratio
1586 2286 1752 2361 facit,
1776 2284 2074 2361 QuiriteS,
2095 2292 2167 2342 ut
2194 2305 2421 2362 agnos-

375 2401 512 2440 cere
541 2381 889 2456 videamini,
913 2382 1019 2458 qui
1046 2382 1198 2442 haec
1227 2383 1519 2442 fecerint:
1564 2402 1685 2460 ego
1712 2388 1919 2440 autem
1946 2381 2198 2440 nomino
2225 2381 2422 2440 nemi—

375 2498 551 2553 nem3
593 2498 783 2555 quare
825 2478 1005 2538 irasci
1046 2478 1198 2537 mihi
1241 2499 1424 2539 nemo
1461 2479 1711 2556 poterit,
1739 2479 1861 2536 nisi
1888 2477 1992 2555 qui
2033 2483 2180 2537 ante
2222 2478 2304 2537 de
2345 2499 2417 2538 se

377 2575 637 2636 voluerit
677 2576 968 2636 confiteri.
1051 2576 1272 2654 Itaque
1311 2582 1572 2654 propter
1610 2575 1768 2634 hanc
1795 2575 2115 2634 avaritiam
2155 2575 2417 2653 impera-

287 2693 350 2739 25
375 2679 578 2732 torum
620 2679 878 2751 quantas
919 2673 1320 2749 calamitateS,
1349 2691 1734 2750 quocumque
1775 2677 2030 2731 ventum
2069 2678 2185 2748 est,
2214 2672 2416 2730 nostri

374 2770 683 2830 exercitus
730 2771 951 2846 ferant,
996 2771 1133 2847 quis
1181 2770 1475 2847 ignorat?
1569 2768 1821 2843 Itinera,
1864 2786 2022 2844 quae
2067 2788 2181 2845 per
2219 2767 2418 2837 ,hosce

374 2885 566 2924 annos
594 2867 658 2923 in
686 2867 867 2925 Italia
894 2886 1008 2944 per
1035 2886 1215 2944 agros
1245 2872 1435 2944 atque
1471 2865 1699 2943 oppida
1727 2865 1950 2925 civium
1993 2862 2414 2924 Romanorum

373 2963 570 3020 nostri
598 2964 995 3038 imperatores
1017 2963 1289 3038 fecerint,
1312 2963 1748 3022 recordaminI:
1794 2968 1924 3019 tum
1948 2961 2188 3020 facilius
2218 2968 2418 3020 statu-

375 3059 494 3118 etis
531 3058 679 3134 quid
719 3058 885 3135 apud
928 3064 1170 3117 exteras
1213 3059 1495 3118 nationes
1539 3059 1671 3117 fieri
1713 3059 2097 3118 existimetis,
2181 3057 2413 3116 Utrum

286 3177 350 3223 80
378 3155 581 3232 plures
609 3153 982 3212 arbitramini
1008 3175 1120 3232 per
1137 3155 1321 3216 hosce
1350 3175 1545 3214 annos
1572 3154 1833 3212 militum
1853 3140 2194 3215 vestrorum
2222 3155 2414 3213 armis

373 3251 643 3310 hostium
668 3250 854 3310 urbes
883 3273 960 3309 an
986 3252 1260 3321 hibernis
1289 3254 1591 3312 sociorum
1633 3251 1915 3310 civitates
1943 3269 2080 3309 esse
2120 3248 2360 3308 deletas
2381 3251 2414 3310 ?

374 3348 593 3424 Neque
639 3347 802 3405 enim
849 3355 1059 3425 potest
1092 3350 1432 3409 exercitum
1471 3349 1526 3406 is
1560 3349 1876 3408 continere
1916 3349 2263 3424 imperator,
2301 3348 2412 3424 qui

373 3466 439 3504 se
466 3446 602 3522 ipse
644 3463 768 3502 non
805 3445 1100 3520 continet,
1128 3466 1330 3523 neque
1376 3464 1625 3505 severus
1653 3464 1789 3503 esse
1816 3445 1881 3502 in
1920 3442 2270 3522 judicando,
2300 3444 2411 3520 qui

372 3542 531 3600 alios
559 3542 624 3597 in
655 3560 721 3599 se
749 3560 998 3600 severos
1027 3562 1164 3600 esse
1193 3543 1430 3619 judices
1457 3561 1583 3600 non
1611 3540 1759 3601 vult.

285 3658 347 3704 35
493 3636 618 3695 Hic
659 3638 945 3696 miramur
986 3637 1146 3696 hunc
1168 3637 1495 3697 ’hominem
1529 3644 1770 3696 tantum
1820 3634 2119 3696 excellere
2163 3635 2411 3711 ceteriS,
2466 3692 2474 3699 ,

373 3733 547 3811 cujus
573 3733 852 3810 legiones
894 3735 982 3795 sic
1007 3735 1073 3792 in
1100 3731 1316 3793 Asiam
1358 3735 1771 3811 pervenerint,
1800 3740 1874 3792 ut
1900 3753 2024 3791 non
2065 3732 2249 3791 modo
2286 3752 2413 3789 ma-
