2725 4299
642 311 728 361 DE
769 310 1047 360 IMPERIO
1092 308 1198 361 GN.
1230 308 1507 358 POMPEII
1554 308 1814 358 ORATIO.
2227 315 2304 375 83

180 474 509 552 rantiaeque
532 475 826 551 arbitror3
854 474 1079 533 deinde
1098 493 1289 550 quum
1314 478 1554 531 tantam
1582 473 2040 553 multitudinem
2061 496 2200 536 cum

179 578 333 630 tanto
379 572 588 631 studio
645 573 862 631 adesse
913 570 1249 645 videamuS,
1298 576 1595 647 quantam
1642 570 1865 630 iterum
1920 593 2082 632 nunc
2134 573 2200 632 in

179 668 366 727 eodem
406 667 657 726 homine
695 667 1101 744 praeficiendo
1131 667 1431 741 videmuS,
1461 666 1612 743 quid
1650 674 1750 725 est
1776 669 1939 744 quod
1981 677 2092 727 aut
2120 670 2198 729 de

175 784 228 823 re
254 770 374 821 ‚aut
418 765 496 823 de
551 764 906 842 perficiendi
954 762 1248 821 facultate
1297 763 1649 822 dubitemus
1671 765 1701 823 ⁶?
1783 763 1921 842 Ego
1968 771 2198 845 autem,

174 860 444 937 quidquid
472 868 573 919 est
600 862 666 919 in
692 881 789 920 me
818 860 1029 937 studii,
1059 859 1322 936 consilii,
1350 858 1594 933 laboris»,
1623 859 1876 937 ingenii,
1898 863 2195 941 quidquid
2224 884 2254 930 5

173 956 268 1015 hoc
292 957 583 1015 beneficio
628 956 841 1035 populi
868 956 1135 1015 Romani
1163 961 1351 1033 atque
1381 955 1496 1014 hac
1522 961 1844 1033 potestate
1871 961 2198 1037 praetoria,

172 1053 443 1131 quidquid
485 1055 880 1129 auctoritate,
907 1053 1050 1130 fide,
1077 1053 1430 1112 constantia
1474 1071 1747 1129 possum,
1785 1052 1851 1110 id
1893 1074 2075 1114 omne
2118 1057 2199 1114 ad

169 1148 304 1207 hanc
328 1170 455 1208 rem
483 1150 924 1210 conficiendam
965 1150 1081 1208 tibi
1109 1156 1177 1208 et
1215 1147 1449 1227 populo
1490 1147 1767 1207 Romano
1805 1148 2099 1227 polliceor
2125 1171 2197 1210 ac

170 1245 354 1305 defero
374 1268 408 1325 ;δ
432 1253 760 1325 testorque
789 1265 1003 1305 omnes
1029 1246 1179 1304 deos
1208 1253 1274 1304 et
1303 1264 1413 1304 eos
1440 1245 1726 1320 maxime,
1755 1246 1859 1322 qui
1887 1246 2033 1306 huic
2058 1248 2196 1309 loco

168 1343 500 1421 temploque
547 1343 925 1422 praesident,
967 1342 1073 1420 qui
1113 1342 1383 1401 omnium
1427 1350 1668 1402 mentes
1717 1363 1927 1402 eorum
1967 1347 2073 1423 qui
2115 1347 2196 1405 ad
2223 1367 2284 1415 10

170 1457 279 1498 rem
318 1441 630 1518 publicam
674 1442 906 1500 adeunt
947 1439 1212 1498 maxime
1254 1439 1650 1517 perspiciunt,
1692 1461 1790 1500 me
1839 1440 1955 1500 hoc
1994 1463 2195 1521 neque

169 1544 367 1615 rogatu
405 1539 611 1599 facere
656 1536 1033 1618 cujusqnam,
1063 1559 1263 1617 neque
1311 1557 1432 1615 quo
1467 1536 1574 1597 Cn.
1607 1537 1889 1617 Pompeii
1931 1541 2196 1617 gratiam

171 1634 298 1691 mihi
334 1654 443 1713 per
481 1635 649 1695 hanc
678 1657 919 1696 causam
950 1623 1253 1695 conciliari
1282 1644 1519 1715 putem,
1547 1659 1748 1717 neque
1777 1659 1900 1716 quo
1938 1639 2089 1697 mihi
2116 1660 2195 1700 ex

170 1733 499 1811 cujusquam
548 1736 960 1814 amplitudine
1010 1743 1118 1795 aut
1173 1738 1479 1814 praesidia
1531 1738 1816 1815 periculis
1864 1746 1972 1796 aut
2026 1738 2196 1817 adju·

169 1837 352 1889 menta
390 1831 729 1891 honoribus
767 1852 1091 1910 quaeram3
1134 1840 1463 1911 propterea
1490 1834 1657 1911 quod
1695 1833 1967 1911 pericula
1995 1832 2193 1909 facile,
2222 1847 2284 1894 15

170 1934 228 1987 ut
248 1930 552 1992 hominem
594 1940 906 2012 praestare
935 1941 1202 2014 oportet,
1234 1933 1587 1992 innocentia
1614 1931 1768 1990 tecti
1807 1930 2194 2009 repellemUS,

170 2025 432 2092 honorem
458 2041 681 2093 autem
707 2054 907 2111 neque
928 2034 1007 2092 ab
1027 2054 1152 2093 uno
1179 2054 1382 2112 neque
1411 2052 1491 2091 ex
1518 2029 1632 2090 hoc
1659 2030 1813 2105 locO,
1837 2024 1950 2088 sed
1978 2028 2194 2087 eadem

172 2124 260 2186 illa
296 2140 500 2190 nostra
551 2129 1034 2190 laboriosissima
1077 2131 1317 2191 ratione
1352 2130 1539 2206 vitae,
1569 2128 1621 2188 si
1659 2132 1865 2189 vestra
1905 2125 2192 2187 voluntas

175 2223 321 2302 feret,
347 2249 811 2307 consequemur.
892 2258 897 2263 ·

274 2324 463 2399 Quam
509 2328 595 2387 ob
629 2348 776 2403 rem,
805 2327 1101 2406 quidquid
1145 2327 1208 2385 in
1249 2327 1366 2386 hac
1411 2346 1595 2385 causa
1641 2325 1791 2384 mihi
1836 2329 2190 2402 susceptum
2215 2312 2280 2379 20

178 2428 272 2498 est,
296 2421 589 2500 QuiriteS‚
618 2425 682 2506 id
708 2444 888 2484 omne
916 2444 1037 2502 ego
1065 2443 1163 2484 me
1191 2423 1280 2482 rei
1320 2421 1604 2501 publicae
1631 2443 1814 2483 causa
1846 2423 2189 2500 suscepisse

176 2519 448 2598 confirmo,
475 2528 848 2598 tantumque
876 2521 1056 2580 abest
1082 2526 1155 2578 ut
1181 2519 1451 2598 aliquam
1476 2519 1631 2578 mihi
1658 2520 1882 2579 bonam
1921 2520 2187 2598 gratiam

178 2619 456 2690 quaesisse
501 2618 736 2694 videar,
785 2624 857 2676 ut
904 2616 1134 2676 multas
1185 2637 1280 2676 me
1329 2617 1523 2676 etiam
1570 2615 1914 2675 simultates
1967 2616 2189 2693 partim

177 2710 450 2793 obscuras,
481 2714 706 2794 partim
751 2721 996 2792 apertas
1034 2712 1399 2791 intelligam,
1440 2711 1589 2770 mihi
1632 2731 1757 2769 non
1799 2712 2188 2786 necessarias,

176 2808 327 2869 vobis
344 2833 469 2872 non
491 2811 747 2870 inutiles
769 2811 1129 2888 suscepisse.
1216 2809 1338 2869 Sed
1359 2829 1479 2887 ego
1499 2829 1601 2867 me
1620 2807 1737 2866 hoc
1763 2807 1994 2866 honore
2021 2827 2189 2881 prae-
2214 2814 2277 2860 25

177 2903 365 2984 ditum,
384 2908 582 2967 tantis
609 2907 833 2967 vestris
858 2907 1172 2968 beneficiis
1201 2907 1487 2966 affectum
1517 2905 1728 2980 statui,
1751 2901 2040 2981 QuiriteS,
2060 2924 2192 2963 ves-

174 3003 309 3060 tram
333 3005 721 3065 voluntatem
748 3009 813 3062 et
840 3004 928 3063 rei
963 3003 1245 3081 publicae
1274 3002 1647 3081 dignitatem
1675 3007 1742 3060 et
1768 2999 2030 3060 salutem
2055 3020 2189 3079 pro·

177 3095 481 3159 vinciarum
526 3106 713 3176 atque
761 3100 1063 3158 sociorum
1105 3099 1258 3161 meis
1302 3098 1586 3160 omnibus
1614 3097 1945 3158 commodis
1988 3103 2056 3159 et
2100 3118 2192 3159 ra-

175 3190 425 3258 tionibus
452 3196 762 3277 pra‘eferre
788 3201 1093 3277 oportere.
