2725 4299
873 231 1005 280 Pno
1052 232 1107 288 Q.
1143 229 1418 281 LIGARIO
1464 231 1721 281 ORA'rm.
2193 267 2198 278 .
2287 234 2363 292 95

215 394 412 453 sidius
437 394 763 474 provincia
785 394 938 453 satis
959 395 1161 454 facere
1188 395 1540 454 hominibus
1568 416 1690 454 non
1718 401 1953 474 posset,
1976 395 2028 453 si
2057 414 2261 472 quem-

216 512 402 570 quam
418 491 609 550 alium
630 492 986 570 provinciae
1007 491 1421 569 praefecisset.
1504 490 1728 570 Itaque
1749 492 2053 571 Ligarius,
2070 511 2260 569 quum

140 623 157 640 ·
216 589 323 647 diu
360 608 656 672 recusans
699 588 854 646 nihil
896 587 1276 666 profecisset,
1303 588 1686 667 provinciam
1729 591 1967 666 accepit
2007 588 2258 664 invitus,

214 686 317 743 cui
346 685 438 743 sic
483 684 751 762 praefuit
793 685 859 743 in
901 705 1075 763 pace,
1104 690 1176 742 ut
1205 690 1271 744 et
1313 684 1551 744 civibus
1580 691 1646 743 et
1688 686 1870 744 sociis
1909 684 2258 764 gratissima

213 789 385 840 esset
414 781 553 860 ejus
592 781 924 859 integritas
951 802 1023 840 ac
1051 781 1221 841 fides,
1306 780 1553 840 BeHum
1583 782 1787 841 subito
1815 782 2064 858 exarsit,
2092 781 2256 859 quod
2284 792 2312 836 6

212 879 324 956 qui
353 884 535 937 erant
560 879 625 935 in
653 875 870 938 Africa
898 885 1043 938 ante
1073 878 1404 938 audierunt
1441 878 1578 957 geri
1607 899 1790 956 quam
1816 878 2034 958 parari.
2118 876 2259 950 Quo

211 974 432 1033 audito
476 974 705 1051 partim
744 974 1088 1052 cupiditate
1132 974 1610 1050 inconsiderata,
1637 976 1864 1053 partim
1906 994 2087 1034 caeco
2114 993 2260 1051 quo-

210 1072 361 1129 dam
390 1071 631 1146 timore,
652 1072 851 1149 primo
880 1070 1119 1147 salutis,
1147 1078 1291 1149 post
1318 1071 1509 1130 etiam
1537 1072 1730 1130 studii
1759 1072 1855 1130 sui
1883 1069 2260 1150 quaerebant

210 1167 486 1245 aliquem
532 1169 768 1243 ducem,
797 1187 988 1245 quum
1031 1167 1318 1246 Ligarius
1362 1168 1613 1227 domum
1656 1175 1965 1254 spectans,
1993 1168 2073 1226 ad
2117 1185 2259 1225 suos

210 1264 417 1323 redire
446 1265 724 1341 cupiens,
747 1263 918 1323 nullo
947 1284 1014 1323 se
1040 1263 1341 1342 implicari
1371 1265 1625 1343 negotio
1651 1284 1871 1343 passus
1898 1271 2012 1325 est.
2096 1264 2258 1323 Inte-
2285 1270 2346 1317 10

209 1362 325 1420 rim
370 1360 439 1420 P.
473 1359 694 1418 Attius
721 1360 945 1437 VaruS,
975 1361 1083 1438 qui
1125 1368 1377 1439 praetor
1404 1360 1677 1421 Africam
1718 1362 2091 1437 obtinuerat,
2118 1360 2257 1420 Uti·

213 1477 353 1515 cam
374 1457 568 1517 venit.
653 1455 760 1516 Ad
788 1477 930 1517 eum
950 1458 1164 1516 statim
1185 1478 1546 1517 concursum
1573 1465 1686 1520 est.
1771 1456 1984 1537 Atque
2005 1457 2112 1517 ille
2132 1479 2256 1517 non

210 1540 513 1613 mediocri
557 1554 897 1632 cupiditate
941 1554 1202 1631 arripuit
1246 1554 1590 1632 imperium,
1633 1555 1687 1613 si
1728 1554 1883 1613 illud
1931 1555 2256 1633 imperium

212 1670 354 1709 esse
397 1650 628 1729 potuit,
658 1651 825 1738 quod
853 1651 928 1709 ad
973 1651 1287 1728 privatum
1315 1651 1578 1710 clamore
1621 1651 2033 1710 multitudinis
2070 1651 2258 1729 impe-

211 1745 394 1822 ritae,
424 1745 596 1806 nullo
635 1747 886 1825 publico
915 1747 1172 1806 consilio
1200 1747 1606 1806 deferebatur.
1691 1747 1911 1824 Itaque
1948 1747 2255 1824 Ligarius,
2286 1752 2345 1798 15

212 1843 322 1920 qui
350 1863 536 1902 omne
577 1843 703 1903 tale
731 1844 1055 1922 negotium
1083 1849 1336 1921 cuperet
1374 1844 1665 1921 effugere,
1693 1842 1946 1920 paulum
1987 1843 2259 1902 adventu

212 1939 374 1997 Vari
403 1940 775 2016 conquievit.
919 1993 923 1999 .

288 2045 295 2051 ’
337 2036 423 2096 ΙΙ.
471 2033 714 2112 Adhuc,
760 2034 826 2096 C.
877 2035 1125 2112 Caesar,
1171 2034 1245 2108 Q.
1287 2035 1578 2115 Ligarius
1622 2036 1790 2095 omni
1834 2035 2017 2114 culpa
2059 2042 2254 2096 vacat.

213 2134 418 2193 Domo
449 2138 548 2192 est
576 2153 862 2212 egressus
903 2154 1027 2193 non
1056 2133 1242 2193 modo
1269 2132 1508 2191 nullum
1536 2133 1616 2193 ad
1657 2133 1904 2211 bellum,
1934 2134 2044 2194 sed
2070 2153 2149 2193 ne
2177 2133 2257 2192 ad

213 2231 538 2289 minimam
566 2230 817 2307 quidem
862 2230 1275 2307 suspicionem
1318 2230 1505 2306 belli3
1547 2230 1794 2310 legatus
1822 2232 1884 2289 in
1929 2251 2082 2308 pace
2122 2250 2257 2308 pro·
2282 2238 2346 2285 20

213 2327 418 2386 fectus
448 2326 510 2383 in
559 2326 872 2404 provincia
914 2326 1311 2403 pacatissima
1338 2327 1431 2386 ita
1471 2347 1537 2387 se
1579 2328 1795 2406 gessit,
1825 2333 1897 2385 ut
1937 2328 1996 2387 ei
2041 2347 2258 2405 pacem

214 2443 354 2482 esse
384 2423 724 2500 expediret.
810 2421 1125 2482 Profectio
1170 2429 1335 2483 certe
1380 2424 1651 2482 animum
1694 2430 1871 2481 tuum
1907 2445 2030 2483 non
2069 2424 2258 2483 debet

214 2520 545 2579 offendere.
629 2519 799 2578 Num
819 2519 1012 2597 igitur
1036 2519 1336 2579 remansio
1356 2522 1387 2580 ’Β
1454 2520 1654 2579 Multo
1674 2520 1877 2579 minus
1897 2542 1913 2596 3
1956 2541 2096 2577 nam
2123 2539 2258 2598 pro·

215 2616 402 2675 fectio
423 2615 811 2675 voluntatem
830 2615 1048 2674 habuit
1067 2636 1193 2674 non
1215 2622 1480 2694 turpem,
1496 2615 1801 2675 remansio
1822 2616 2258 2674 necessitatem

215 2713 405 2770 etiam
434 2711 779 2771 honestam.
865 2709 1035 2789 Ergo
1073 2710 1225 2770 haec
1253 2712 1378 2770 duo
1418 2719 1700 2787 tempora
1728 2716 1938 2769 carent
1964 2710 2215 2769 crimine
2238 2731 2254 2785 ;
2283 2719 2344 2765 25

216 2829 429 2884 unum,
459 2828 648 2885 quum
677 2814 775 2865 est
801 2806 1047 2885 legatus
1074 2808 1411 2884 profectUS‚
1440 2807 1720 2882 alterum,
1751 2826 1940 2884 quum
1967 2805 2258 2885 efflagita-

214 2910 319 2967 tus
348 2925 388 2962 a
430 2903 743 2980 provincia
787 2903 1174 2981 praepositus
1203 2901 1456 2963 Africae
1498 2910 1611 2963 est.
1696 2902 1970 2963 Tertium
2012 2908 2257 2981 tempus

216 3008 332 3076 est,
356 3001 526 3078 quod
554 3005 698 3078 post
726 3001 1062 3058 adventum
1090 2999 1243 3058 Vari
1271 3001 1336 3058 in
1366 2984 1578 3059 Africa
1606 3000 1857 3077 restitit,
1886 3001 2052 3078 quod
2080 3001 2133 3060 si
2161 3008 2258 3061 est

216 3097 632 3172 criminosum,
674 3087 1065 3155 necessitatis
1112 3097 1338 3156 crimen
1389 3102 1505 3174 est,
1543 3118 1668 3156 non
1716 3096 2068 3158 voluntatis.
2150 3097 2257 3157 An

216 3193 343 3267 ille,
375 3194 432 3251 si
476 3194 785 3269 potuisset
811 3191 939 3251 ullo
983 3194 1169 3252 modo
1210 3194 1491 3268 evadere,
1521 3193 1744 3253 Uticae
1779 3213 1963 3273 quam
2003 3194 2256 3271 Romae,
2283 3208 2347 3251 30

216 3311 355 3349 cum
386 3289 457 3349 P.
490 3287 676 3348 Attio
704 3309 887 3366 quam
917 3308 1054 3348 cum
1082 3289 1575 3348 concordissimis
1602 3290 1911 3367 fratribuS,
1941 3311 2079 3350 cum
2119 3291 2260 3350 alie-

216 3386 315 3444 nis
361 3405 503 3444 esse
547 3384 728 3462 quam
775 3404 914 3443 cum
963 3385 1090 3444 suis
1136 3385 1458 3446 maluisset
1479 3387 1510 3446 ’.Ρ
1590 3384 1796 3460 Quum
1843 3387 1981 3465 ipsa
2025 3386 2260 3464 legatio

218 3481 406 3559 plena
435 3481 726 3541 desiderii
754 3502 826 3541 ac
855 3481 1286 3541 sollicitudinis
1313 3483 1536 3543 fuisset
1568 3490 1819 3561 propter
1845 3480 2261 3542 incredibilem

221 3578 534 3655 quendam
579 3579 834 3636 fratrum
880 3597 1168 3655 amorem,
1209 3579 1310 3638 hic
1353 3599 1552 3656 aequo
1597 3580 1800 3638 animo
1850 3594 1987 3638 esse
2034 3576 2260 3654 potuit,

223 3674 373 3734 belli
402 3675 666 3734 discidio
693 3675 1029 3733 distractus
1057 3697 1093 3734 a
1122 3676 1412 3734 fratribus
1433 3678 1463 3736 ⁴?
1781 3737 1785 3743 ,
2287 3684 2345 3731 35

347 3770 602 3830 Nullum
625 3772 819 3850 igitur
837 3770 1049 3846 habeS,
1074 3771 1317 3846 Caesar,
1342 3772 1540 3831 adhuc
1564 3772 1625 3829 in
1649 3771 1721 3844 Q.
1743 3768 1994 3848 Ligario
2018 3769 2262 3848 signum
