2725 4299
721 282 796 331 m
841 281 1206 331 summm
1249 281 1494 333 omno
1537 281 1765 333 PRmA.
2273 284 2312 349 ¹7

174 447 399 507 nudam
440 450 629 523 atque
674 445 919 505 inanem
963 443 1359 522 reliquerunt,
1387 462 1511 522 quo
1556 443 1811 504 tandem
1846 443 2054 507 animo
2095 442 2211 505 hoc

174 544 287 603 tibi
312 542 634 603 ferendum
650 547 837 620 putas
855 542 886 601 ⁴?
966 538 1141 600 Servi
1167 538 1514 600 mehercule
1534 540 1655 600 mei
1671 541 1726 600 si
1749 560 1850 600 me
1875 541 1999 600 isto
2023 546 2209 619 pacto

173 643 537 715 metuerent,
564 643 638 696 ut
679 643 747 698 te
789 641 1075 697 metuunt
1118 655 1331 696 omnes
1374 636 1541 696 cives
1583 637 1694 712 tui,
1722 635 1969 696 domum
2010 656 2211 697 meam

173 735 634 815 relinquendam
677 740 1001 812 putarem3
1042 738 1115 791 tu
1161 732 1281 792 tibi
1308 732 1525 792 urbem
1552 752 1676 792 non
1724 732 2037 792 arbitraris
2053 734 2084 794 *ι’
2123 738 2209 809 et,

175 835 224 893 si
264 853 367 893 me
393 833 549 892 meis
596 830 832 892 civibus
875 828 1103 908 injuria
1146 834 1507 906 suspectum
1546 834 1676 887 tam
1702 830 1974 908 graviter
2019 834 2206 907 atque
2234 842 2265 889 5

174 932 473 991 offensum
498 924 792 1004 x'riderem,
819 945 1024 986 carere
1064 944 1166 985 me
1192 932 1451 1003 aspectu
1489 925 1716 984 civium
1741 945 1926 1004 quam
1964 925 2209 985 infestis

106 1027 111 1035 '
175 1027 363 1086 oculis
417 1026 694 1085 omnium
748 1022 1019 1101 conspici
1091 1020 1373 1082 mallem:
1444 1027 1537 1098 tu,
1591 1042 1778 1100 quum
1841 1022 2211 1082 conscientia

174 1121 471 1190 scelerum
511 1128 758 1182 tuorum
799 1137 1101 1199 agnoscas
1151 1117 1362 1177 odium
1402 1117 1675 1177 omnium
1715 1118 1950 1198 justum
1978 1118 2211 1199 etjam

174 1219 276 1277 diu
316 1218 436 1278 tibi
479 1217 782 1294 debitum,
823 1216 1096 1291 dubitas,
1125 1233 1384 1292 quorum
1424 1221 1666 1275 mentes
1708 1232 2045 1293 sensusque
2082 1214 2211 1275 vul-

174 1334 374 1391 neras,
402 1333 611 1374 eorum
657 1319 977 1392 aspectum
1022 1312 1556 1390 praesentiamque
1585 1312 1779 1372 vitare
1797 1313 1828 1372 ⁴?
1908 1310 1974 1371 Si
2014 1317 2080 1372 te
2106 1332 2210 1391 pa·
2237 1324 2301 1373 10

173 1417 383 1472 rentes
428 1411 723 1471 timerent
769 1416 960 1488 atque
1008 1409 1289 1468 odissent
1335 1408 1430 1466 tui
1475 1428 1591 1468 nec
1636 1428 1745 1468 eos
1799 1406 1926 1467 ulla
1970 1409 2212 1469 ratione

173 1507 414 1586 placare
440 1526 679 1585 posseS,
698 1512 771 1566 ut
785 1507 1021 1585 opinor,
1043 1505 1123 1565 ab
1141 1523 1350 1564 eorum
1373 1503 1567 1564 oculis
1584 1504 1791 1583 aliquo
1811 1505 2208 1567 concederes:

171 1624 332 1664 nunc
360 1610 426 1665 te
452 1604 676 1682 patria,
695 1623 854 1681 quae
882 1601 1222 1663 communis
1252 1607 1352 1661 est
1371 1620 1592 1679 parens
1620 1602 1888 1660 omnium
1913 1607 2211 1678 nostrum,

169 1701 307 1760 odit
347 1721 421 1761 ac
448 1701 672 1761 metuit
698 1705 764 1760 et
798 1700 927 1778 jam
953 1699 1061 1758 diu
1088 1698 1241 1756 nihil
1268 1704 1335 1759 te
1377 1698 1616 1778 judicat
1641 1698 1760 1757 nisi
1786 1698 1866 1758 de
1892 1698 2212 1776 parricidio

170 1817 281 1856 suo
328 1798 638 1876 cogitare:
687 1795 873 1875 hujus
915 1801 990 1854 tu
1035 1815 1237 1874 neque
1281 1796 1717 1855 auctoritatem
1763 1794 2054 1855 verebere
2097 1813 2213 1853 nec
2238 1805 2299 1854 15

167 1893 463 1972 judicium
491 1911 747 1970 sequere
772 1911 888 1952 nec
915 1892 1041 1952 vim
1066 1892 1516 1970 pertimesces?
1598 1888 1775 1963 Quae
1802 1897 2030 1965 tecum,
2053 1889 2215 1949 Cati-

169 1989 314 2066 lina,
341 1990 434 2049 sic
476 1989 612 2068 agit
639 1993 708 2049 et
747 1987 1013 2066 quodam
1044 1988 1228 2047 modo
1274 1989 1467 2047 tacita
1511 1986 1816 2065 loquitur:
1900 1986 1939 2017 ‘⁴
1956 1984 2214 2046 Nullum

167 2077 293 2166 jam
312 2084 559 2178 aliquot
592 2085 769 2144 annis
797 2085 1038 2144 facinus
1080 2083 1333 2144 exstitit
1358 2084 1477 2143 nisi
1504 2103 1618 2164 per
1655 2089 1742 2161 te,
1769 2081 2003 2142 nullum
2043 2083 2213 2164 flagi-

168 2184 322 2242 tium
350 2183 483 2242 sine
508 2189 611 2259 te3
654 2183 770 2242 tibi
800 2182 907 2241 uni
947 2182 1281 2241 multorum
1311 2181 1538 2242 civium
1579 2202 1784 2258 neces,
1813 2182 1931 2242 tibi
1958 2182 2211 2243 vexatio

169 2280 559 2358 direptioque
587 2280 889 2339 sociorum
915 2280 1222 2358 impunita
1247 2280 1370 2338 fuit
1396 2298 1466 2338 ac
1493 2279 1721 2356 libera3
1761 2285 1834 2338 tu
1859 2299 1983 2338 non
2011 2278 2210 2338 solum
2236 2290 2301 2338 20

168 2376 246 2434 ad
275 2374 685 2454 negligendas
712 2374 888 2454 leges
917 2382 984 2435 et
1009 2377 1425 2454 quaestioneS,
1453 2397 1665 2437 verum
1705 2378 1894 2436 etiam
1924 2376 2006 2435 ad
2045 2395 2212 2436 ever·
2318 2387 2324 2392 ”

164 2473 392 2532 tendas
446 2472 1033 2551 perfringendasque
1079 2472 1345 2534 valuisti.
1461 2473 1791 2552 Superiora
1835 2473 1963 2549 illa,
2007 2492 2212 2551 quam-

164 2590 354 2649 quam
381 2569 635 2629 ferenda
659 2589 786 2628 non
812 2569 1080 2646 fuerunt,
1101 2576 1331 2647 tamen,
1353 2577 1426 2629 ut
1452 2572 1652 2650 potui,
1678 2569 1829 2632 tuli:
1873 2588 2037 2629 nunc
2063 2589 2212 2631 vero

164 2687 264 2726 me
307 2671 509 2725 totam
552 2684 690 2729 esse
733 2666 798 2724 in
825 2673 1003 2726 metu
1045 2673 1304 2745 propter
1346 2688 1536 2726 unum
1572 2673 1655 2742 te,
1684 2667 1982 2745 quidquid
2024 2666 2212 2725 incre·

163 2764 371 2841 puerit
400 2762 733 2823 Catilinam
760 2763 986 2839 timeri,
1014 2764 1247 2824 nullum
1277 2764 1473 2825 videri
1514 2769 1728 2823 contra
1754 2783 1854 2822 me
1893 2760 2211 2821 consilium
2236 2773 2299 2820 25

163 2861 309 2918 iniri
336 2878 544 2937 posse,
572 2859 734 2937 quod
761 2880 799 2918 a
826 2865 937 2919 tuo
963 2860 1194 2944 scelere
1222 2860 1568 2936 abhorreat,
1595 2879 1722 2918 non
1748 2866 1847 2919 est
1873 2858 2207 2920 ferendum.

164 2954 373 3029 Quam
399 2954 484 3014 ob
510 2974 640 3014 rem
687 2955 936 3017 discede
976 2962 1165 3035 atque
1192 2956 1355 3016 hunc
1403 2957 1551 3016 mihi
1577 2956 1861 3016 timorem
1905 2954 2113 3033 eripe;
2154 2955 2210 3015 si

164 3058 266 3112 est
309 3070 515 3127 νει-ηε,
557 3070 637 3111 ne
678 3053 1017 3131 opprimar3
1075 3054 1171 3113 sin
1216 3054 1427 3131 falsuS‚
1474 3060 1544 3113 ut
1586 3053 1839 3113 tandem
1883 3052 2210 3132 aliquando

165 3149 388 3207 timere
418 3147 756 3209 desinam.”
1181 3210 1185 3214 ,

287 3243 469 3304 VIII.
513 3242 688 3305 Haec
730 3247 783 3305 si
829 3252 1056 3323 tecum,
1099 3253 1172 3307 ut
1217 3247 1369 3323 dixi,
1417 3247 1618 3325 patria
1656 3247 1960 3327 loquatur,
2004 3266 2207 3305 nonne
2234 3257 2300 3304 80

164 3342 502 3419 impetrare
530 3341 774 3419 debeat,
798 3344 986 3403 etiam
1015 3343 1068 3403 si
1088 3344 1212 3404 vim
1234 3344 1523 3404 adhibere
1545 3365 1670 3404 non
1697 3345 1896 3423 possit
1913 3345 1942 3404 ?
2022 3341 2208 3417 Quid,

164 3438 334 3515 quod
360 3443 436 3496 tu
460 3443 525 3497 te
566 3437 701 3516 ipse
727 3440 794 3518 in
822 3441 1164 3500 custodiam
1192 3440 1468 3501 dedisti?
1506 3442 1672 3519 quod
1700 3440 1989 3502 vitandae
2018 3438 2211 3515 suspi-

165 3533 365 3593 cionis
411 3553 598 3593 causa
651 3535 729 3594 ad
777 3535 879 3596 M‘.
931 3536 1239 3615 Lepidum
1285 3543 1351 3597 te
1409 3536 1686 3598 habitare
1731 3538 1891 3598 velle
1941 3533 2210 3593 dixisti?

165 3627 232 3688 Α
258 3649 382 3708 quo
423 3651 550 3690 non
578 3637 862 3710 receptus
903 3634 1092 3693 etiam
1119 3633 1199 3691 ad
1226 3653 1323 3693 me
1350 3634 1560 3694 venire
1600 3653 1785 3693 ausus
1814 3651 1881 3693 es
1921 3637 2108 3706 atque
2135 3634 2211 3687 ut

165 3726 336 3785 domi
365 3747 541 3788 meae
583 3733 650 3788 te
681 3748 1055 3790 asservarem
1096 3730 1348 3807 rogasti.
1437 3727 1640 3801 Quum
1669 3749 1706 3787 a
1736 3748 1831 3788 me
1849 3765 1854 3770 -
1873 3744 2115 3804 quoque
2143 3724 2206 3783 id
2234 3736 2297 3783 35

163 3843 533 3903 responsum
561 3825 832 3902 tulisseS,
858 3846 959 3887 me
984 3825 1155 3889 nullo
1180 3826 1366 3887 modo
1392 3844 1578 3903 posse
1605 3825 1823 3883 iisdem
1864 3822 2207 3903 parietibus
