2725 4299
692 289 766 338 ΙΝ
812 289 1178 339 CATILINAM
1224 291 1469 340 oRAT1o
1516 293 1801 349 QUARTA.
2244 301 2322 360 39

168 473 288 533 que
318 453 665 529 confessi03
708 451 1118 512 sollicitantur
1144 451 1543 533 AllobrogeS,
1571 456 1820 531 servitia
1848 459 2218 534 excitantur,

169 540 445 612 Catilina
486 551 851 626 arcessitur3
893 550 961 608 id
989 556 1087 610 est
1113 551 1340 610 initum
1385 553 1728 630 consilium,
1758 561 1831 613 ut
1870 555 2217 618 interfectis

167 648 458 708 omnibus
499 666 682 707 nemo
708 667 787 706 ne
818 647 898 705 ad
937 646 1380 725 deplorandum
1422 650 1669 727 quidem
1699 652 1915 731 populi
1956 654 2219 715 Romani

166 765 397 805 nomen
443 752 630 823 atque
672 744 752 802 ad
793 743 1253 804 lamentandam
1296 747 1459 805 tanti
1514 748 1759 826 imperii
1805 750 2218 814 calamitatem

164 842 569 920 relinquatur.
2245 865 2273 911 5

287 939 408 1000 III.
452 937 630 999 Haec
669 939 872 998 omnia
913 938 1145 998 indices
1189 938 1568 1018 detulerunt,
1600 944 1692 1002 rei
1742 946 2007 1007 confessi
2050 956 2216 1025 sunt,

164 1056 280 1097 vos
325 1035 541 1095 multis
583 1036 708 1115 jam
761 1034 1007 1115 judiciis
1050 1036 1483 1115 judicavistis;
1541 1039 1804 1117 primum
1848 1044 2015 1120 quod
2068 1045 2217 1102 mihi

164 1136 407 1216 gratias
456 1134 674 1213 egistis
722 1132 1136 1212 singularibus
1190 1135 1401 1196 verbis
1451 1119 1517 1196 et
1565 1158 1705 1198 mea
1752 1139 1984 1201 virtute
2032 1148 2219 1220 atque

166 1231 499 1311 diligentia
538 1230 920 1308 perditorum
947 1229 1261 1292 hominum
1306 1233 1798 1313 conjurationem
1838 1239 2217 1317 patefactam

165 1350 310 1391 esse
360 1327 757 1403 decrevistis3
820 1327 1045 1389 deinde
1095 1329 1262 1407 quod
1315 1329 1387 1391 P.
1440 1331 1771 1393 Lentulum
1819 1354 1887 1395 se
1934 1336 2215 1396 abdicare
2245 1347 2307 1394 10

164 1432 464 1507 praetura
510 1424 838 1503 coegistis3
882 1430 1014 1483 tum
1057 1426 1225 1503 quod
1276 1447 1417 1487 eum
1467 1434 1534 1489 et
1581 1436 1841 1508 ceterOS,
1870 1432 1950 1492 de
1995 1432 2217 1510 quibus

164 1523 515 1605 judicastis,
569 1523 635 1580 in
702 1523 1045 1582 custodiam
1114 1524 1354 1585 dandos
1425 1528 1772 1605 censuistis,
1827 1529 2217 1607 maximeque

166 1621 337 1701 quod
385 1640 528 1680 meo
577 1620 824 1680 nomine
873 1620 1386 1699 supplicationem
1441 1624 1822 1702 decrevistis,
1870 1627 1976 1704 qui
2020 1626 2217 1687 honos

163 1725 394 1799 togato
421 1717 672 1777 habitus
699 1723 845 1778 ante
872 1738 972 1778 me
1001 1725 1100 1779 est
1142 1720 1373 1780 nemini
1395 1741 1413 1796 3
1454 1728 1768 1799 postremo
1798 1722 2088 1783 hesterno
2115 1724 2216 1783 die

161 1818 449 1897 praemia
473 1816 697 1896 legatis
725 1815 1139 1895 Allobrogum
1168 1816 1434 1896 Titoque
1456 1817 1779 1879 Volturcio
1807 1820 2070 1879 dedistis
2097 1841 2217 1878 am·
2246 1830 2305 1875 15

162 1913 468 1995 plissima.
555 1913 731 1988 Quae
771 1920 918 1973 sunt
944 1916 1148 1999 omnia
1190 1916 1326 1994 ejus
1365 1915 1554 1991 modi,
1582 1922 1656 1975 ut
1682 1916 1747 1992 ii,
1778 1917 1887 1993 qui
1915 1917 1980 1974 in
2021 1922 2219 1975 custo-

165 2014 337 2073 diam
383 2012 748 2073 nominatim
795 2012 930 2071 dati
979 2017 1143 2088 sunt,
1174 2012 1308 2074 sine
1359 2011 1488 2071 ulla
1529 2012 1917 2074 dubitatione
1965 2034 2002 2072 a
2042 2012 2217 2073 vobis

165 2110 451 2171 damnati
478 2129 617 2172 esse
644 2110 985 2172 videantur.

291 2208 424 2269 Sed
464 2228 585 2286 ego
612 2207 855 2267 institui
895 2208 1121 2267 referre
1167 2208 1408 2285 advos,
1437 2215 1645 2287 patres
1690 2210 2036 2289 conscripti,
2064 2221 2218 2270 tam-

168 2325 359 2385 quam
402 2306 733 2383 integrum,
774 2311 841 2365 et
888 2306 967 2365 de
1016 2305 1183 2363 facto
1233 2305 1383 2383 quid
1432 2306 1744 2385 judicetiS,
1773 2313 1838 2367 et
1888 2308 1968 2366 de
2015 2328 2215 2385 poena
2242 2315 2308 2363 20

168 2404 321 2483 quid
363 2403 686 2464 censeatis.
770 2400 888 2461 Illa
929 2402 1299 2480 praedicam,
1329 2422 1489 2480 quae
1519 2408 1665 2461 sunt
1706 2403 1991 2464 consulis
2077 2403 2219 2483 Ego

168 2521 462 2579 magnum
512 2500 578 2558 in
618 2520 684 2560 re
731 2498 979 2578 publica
1005 2500 1237 2559 versari
1284 2500 1548 2559 furorem
1599 2507 1666 2560 et
1706 2521 1866 2561 nova
1913 2501 2215 2578 quaedam

166 2598 419 2657 misceri
463 2604 531 2658 et
571 2598 869 2658 concitari
912 2596 1075 2655 mala
1117 2597 1241 2675 jam
1288 2597 1531 2674 pridem
1566 2597 1870 2673 videbam,
1901 2598 2010 2656 sed
2058 2597 2215 2657 hanc

165 2702 429 2772 tantam,
457 2703 586 2753 tam
615 2694 944 2755 exitiosam
971 2692 1186 2753 haberi
1218 2693 1709 2772 conjurationem
1739 2713 1776 2751 a
1807 2693 2042 2752 civibus
2068 2713 2216 2750 nun·

168 2812 359 2871 quam
414 2792 649 2870 putavi.
763 2790 945 2850 Nunc
999 2790 1302 2868 quidquid
1357 2797 1476 2866 est,
1527 2808 1916 2867 quocumque
1971 2793 2214 2849 vestrae
2241 2800 2303 2846 25

165 2893 413 2948 mentes
455 2886 756 2947 inclinant
781 2892 970 2964 atque
1018 2886 1390 2962 sententiae,
1423 2885 1823 2945 statuendum
1848 2884 2023 2945 vobis
2071 2891 2216 2945 ante

165 2993 423 3046 noctem
450 2992 565 3046 est.
649 2982 964 3058 Quantum
1004 2984 1243 3043 facinus
1273 2984 1352 3042 ad
1382 3004 1490 3044 vos
1521 2982 1794 3044 delatum
1836 2983 1940 3060 sit,
1969 2983 2210 3045 videtis.

164 3081 335 3142 Huic
383 3079 441 3141 si
485 3101 714 3160 paucos
762 3081 999 3160 putatis
1056 3082 1267 3142 affines
1320 3101 1479 3157 esse,
1530 3080 1928 3141 vehementer
1975 3082 2210 3143 erratis·

164 3178 387 3238 Latius
436 3179 722 3257 opinione
771 3179 1241 3239 disseminatum
1289 3186 1390 3239 est
1438 3178 1557 3238 hoc
1606 3177 1866 3239 malum:
1938 3180 2214 3239 manavit

164 3296 292 3336 non
336 3276 537 3336 solum
563 3296 674 3354 per
714 3275 979 3353 Italiam,
1007 3297 1221 3337 verum
1249 3278 1439 3337 etiam
1492 3275 1876 3337 transcendit
1902 3272 2105 3353 Alpes
2149 3283 2215 3336 et
2240 3288 2305 3335 30

167 3374 430 3433 obscure
471 3393 722 3451 serpens
749 3371 976 3431 multas
1017 3375 1142 3452 jam
1171 3374 1514 3451 provincias
1565 3373 1908 3451 occupavit.
1996 3371 2069 3430 Id
2112 3393 2216 3450 op·

164 3471 346 3548 primi
388 3470 797 3530 sustentando
826 3476 892 3528 et
936 3470 1301 3548 prolatando
1344 3471 1515 3531 nullo
1543 3479 1729 3549 pacto
1779 3475 2028 3550 potest:
2072 3489 2214 3545 qua-

164 3586 428 3645 cumque
454 3566 694 3627 ratione
722 3565 948 3643 placet,
978 3567 1259 3628 celeriter
1285 3568 1465 3628 vobis
1491 3568 1925 3629 vindicandum
1956 3572 2069 3625 est.

286 3662 401 3725 IV.
446 3662 650 3724 Video
678 3662 876 3723 adhuc
903 3663 1057 3723 duas
1086 3684 1222 3725 esse
1252 3665 1626 3725 sententias:
1669 3684 1855 3723 unam
1884 3663 1959 3720 D.
1996 3658 2210 3734 Silani,

165 3761 274 3839 qui
322 3767 538 3821 censet
579 3780 708 3837 eOS,
748 3759 855 3838 qui
902 3759 1056 3821 haec
1110 3761 1316 3821 delere
1367 3760 1573 3821 conati
1615 3766 1782 3835 sunt,
1822 3763 2022 3817 morte
2072 3775 2209 3816 esse
2236 3767 2299 3814 35

166 3856 556 3936 multandos;
598 3856 853 3918 alteram
895 3854 961 3918 O.
995 3857 1296 3934 Caesari3‚
1324 3858 1429 3934 qui
1455 3855 1673 3916 mortis
1713 3873 1978 3932 poenam
2018 3873 2210 3914 remo-
