2725 4299
379 271 498 330 128
925 265 999 314 IN
1045 264 1396 313 ANTONIUM
1443 263 1691 314 ORATIO
1735 263 1962 314 PRIMA.

411 835 440 880 ὗ

383 1315 444 1362 10

384 1799 444 1846 15

383 2280 448 2327 20

382 2776 444 2824 26

383 3263 447 3309 30

384 3741 448 3786 35

479 430 717 490 duabus
744 428 1209 507 quaestionibus
1237 426 1316 486 de
1343 426 1409 486 vi
1437 432 1504 485 et
1542 426 1895 506 majestatis
1939 424 2212 484 sublatis
2228 424 2259 483 ’ἓ
2342 422 2513 503 Quid,

480 527 644 605 quod
673 527 1010 604 obrogatur
1033 523 1280 603 legibus
1308 521 1610 598 Caesaris,
1639 542 1799 600 quae
1837 522 2060 602 jubent
2088 522 2177 598 ei,
2207 522 2316 599 qui
2343 522 2417 581 de
2440 524 2510 598 vi,

479 625 750 701 itemque
780 622 857 698 ei,
885 622 991 699 qui
1018 621 1366 700 majestatis
1394 621 1723 679 damnatus
1752 620 1857 695 sit,
1887 639 2049 696 aqua
2078 625 2152 678 et
2182 607 2321 697 igni
2346 620 2513 679 inter-

479 721 653 780 dici?
734 716 978 790 Quibus
1004 738 1192 796 quum
1220 718 1579 795 provocatio
1607 717 1808 793 datur,
1837 736 2046 775 nonne
2072 722 2225 775 acta
2255 716 2517 774 Caesaris

480 817 903 877 rescinduntur
919 817 949 875 ‘t‘
1031 813 1210 885 Quae
1254 814 1503 892 quidem
1559 834 1700 892 eg0‚
1744 819 1957 891 patres
2006 812 2375 891 conscripti,
2427 813 2519 889 qui

481 913 591 973 illa
635 932 948 990 nunquam
990 911 1266 990 probavi,
1293 918 1505 969 tamen
1552 910 1643 968 ita
1692 910 2115 972 conservanda
2169 909 2522 969 concordiae

481 1030 665 1070 causa
693 1010 1027 1070 arbitratus
1054 1027 1210 1083 sum,
1237 1015 1309 1067 ut
1338 1028 1477 1067 non.
1492 1008 1698 1083 mod0,
1715 1026 1871 1085 quas
1886 1007 2067 1068 vivus
2087 1006 2281 1085 leges
2311 1005 2521 1066 Caesar

481 1107 748 1182 tulisset,
774 1105 1166 1164 infirmandas
1192 1103 1310 1164 hoc
1335 1110 1617 1182 tempore
1645 1124 1769 1163 non
1796 1111 2101 1183 putarem,
2131 1105 2258 1163 sed
2286 1123 2369 1163 ne
2396 1102 2521 1162 illas

483 1204 751 1281 quidem,
777 1223 931 1282 quas
971 1209 1116 1280 post
1153 1207 1414 1262 mortem
1452 1200 1734 1262 Caesaris
1773 1201 2049 1281 prolatas
2078 1221 2230 1261 esse
2278 1206 2348 1260 et
2387 1199 2525 1259 fixas

481 1301 724 1361 videtis.

602 1396 683 1456 X.
726 1395 824 1455 Dc
852 1396 1072 1455 exsilio
1098 1396 1339 1457 reducti
1367 1417 1405 1456 a
1431 1402 1674 1456 mortuo
1696 1418 1714 1472 3
1758 1396 1977 1456 civitas
2004 1396 2160 1456 data
2183 1416 2321 1455 non
2349 1392 2525 1453 solum

483 1491 759 1572 singuliS,
808 1494 920 1552 sed
962 1493 1319 1554 nationibus
1356 1500 1424 1554 et
1457 1493 1793 1571 provinciis
1830 1494 2138 1554 universis
2182 1514 2225 1552 a
2265 1497 2525 1565 mortu03

480 1589 970 1649 immunitatibus
1010 1590 1269 1649 infinitis
1310 1591 1555 1650 sublata
1578 1589 1911 1668 vectigalia
1938 1611 1976 1649 a
2003 1597 2286 1650 mortuo,
2376 1587 2525 1665 Ergo

483 1688 635 1748 haec
662 1707 806 1763 un0,
833 1707 1047 1746 verum
1074 1688 1309 1765 optimo
1336 1693 1587 1748 auctore
1615 1687 1798 1746 domo
1824 1686 2068 1765 prolata
2095 1686 2522 1747 defendimus:

483 1806 589 1847 eas
642 1784 836 1864 leges,
933 1804 1044 1843 uas
1099 1783 1237 1862 ipse
1291 1784 1471 1844 nobis
1509 1784 2000 1862 inspectantibus
2040 1784 2370 1859 recitavit,
2408 1800 2526 1859 pro-

485 1883 813 1959 nuntiavit,
840 1882 1008 1957 tulit,
1035 1881 1257 1959 quibus
1285 1881 1432 1941 latis
1470 1881 1854 1960 gloriabatur
1879 1881 2093 1959 eisque
2122 1880 2386 1959 legibus
2411 1898 2522 1937 rem

484 1979 793 2058 publicam
831 1978 1127 2038 contineri
1166 1978 1452 2056 putabat,
1481 1978 1560 2038 de
1599 1977 1953 2056 provinciiS‚
1981 1977 2061 2037 de
2100 1977 2387 2056 judiciis,
2415 1993 2520 2048 eaS,

483 2074 751 2155 inquam,
781 2074 1062 2135 Caesaris
1101 2074 1277 2154 leges
1317 2094 1452 2152 nos,
1480 2075 1585 2153 qui
1625 2074 2015 2133 defendimus
2055 2080 2201 2133 acta
2233 2072 2519 2145 Caesaris,

485 2173 847 2234 evertendas
875 2179 1164 2250 putamus
1182 2174 1212 2233 Ρ

592 2262 703 2329 'Ac
743 2269 822 2328 de
863 2268 961 2326 his
1000 2274 1211 2328 tamen
1250 2268 1513 2347 legibuS‚
1541 2287 1700 2346 quae
1742 2266 2175 2346 promulgatae
2221 2273 2392 2342 sunt,
2420 2262 2519 2324 sal·

485 2371 612 2426 tem
654 2364 830 2443 queri
870 2384 1237 2442 possumus:
1282 2365 1361 2425 de
1405 2366 1503 2441 iis,
1533 2384 1691 2442 quae
1730 2364 1858 2443 jam
1900 2363 2067 2422 latae
2109 2364 2423 2438 dicuntur,
2449 2379 2517 2418 ne

484 2464 548 2522 id
577 2462 826 2541 quidem
865 2461 1073 2521 licuit:
1118 2461 1262 2521 illae
1303 2461 1467 2521 enim
1509 2462 1641 2521 sine
1679 2460 1806 2520 ulla
1833 2460 2341 2539 promulgatione
2366 2458 2513 2517 latae

485 2568 633 2620 sunt
671 2569 818 2621 ante
857 2580 1042 2638 quam
1070 2558 1351 2636 scriptae.
1440 2555 1685 2629 Quaero
1711 2563 1940 2634 autem,
1971 2556 2120 2635 quid
2149 2557 2241 2616 sit
2271 2577 2381 2617 cur
2418 2559 2515 2612 aut

485 2678 607 2738 ego
633 2663 744 2717 aut
768 2658 1090 2736 quisquam
1118 2660 1410 2731 vestrum,
1438 2661 1650 2732 patres
1678 2655 2030 2732 conscripti,
2052 2654 2231 2714 bonis
2262 2650 2514 2712 tribunis

484 2756 683 2833 plebis
724 2755 897 2835 leges
938 2755 1129 2814 malas
1172 2759 1428 2813 metuat.
1515 2751 1776 2811 Paratos
1802 2751 2106 2811 habemus
2135 2752 2243 2829 qui
2275 2753 2516 2810 interce·

468 2852 655 2929 dant,
682 2859 929 2931 paratos
959 2853 1066 2930 qui
1093 2872 1221 2912 rem
1249 2849 1556 2929 publicam
1601 2849 1900 2928 religione
1929 2848 2306 2925 defendant3
2350 2842 2515 2908 vacui

484 2954 654 3008 metu
694 2969 831 3008 esse
872 2950 1185 3009 debemus,
1273 2950 1310 2980 “
1331 2945 1502 3018 Quas
1530 2953 1601 3005 tu
1629 2945 1841 3023 mihi,”
1869 2947 2094 3024 inquit,
2125 2947 2162 2977 “
2181 2940 2516 3006 intercessi-

485 3046 679 3104 ones?
719 3064 872 3121 quas
900 3045 1236 3125 religiones
1254 3047 1284 3106 P
1301 3045 1338 3075 ”
1426 3044 1552 3104 Eas
1582 3042 1842 3120 scilicet,
1872 3044 2093 3121 quibus
2121 3042 2212 3103 rei
2239 3041 2511 3120 publicae

486 3140 651 3200 salus
694 3142 1059 3204 continetur.
1146 3144 1184 3174 “
1202 3143 1266 3202 N
1268 3142 1601 3222 egligimus
1647 3142 1769 3201 ista
1824 3148 1912 3201 et‘
1933 3140 2115 3199 nimis
2163 3141 2415 3217 antiqua
2452 3153 2514 3193 ac

486 3237 678 3297 stulta
706 3238 1021 3300 ducimus:
1066 3240 1262 3300 forum
1304 3239 1640 3316 saepietur,
1669 3258 1881 3298 omnes
1909 3237 2271 3296 claudentur
2297 3235 2509 3305 aditus,

487 3336 704 3394 armati
757 3336 822 3393 in
876 3337 1197 3413 praesidiis
1251 3335 1466 3395 multis
1519 3336 1673 3396 locis
1731 3332 2250 3395 collocabuntur.”
2356 3327 2511 3400 Quid

485 3439 617 3491 tum
639 3434 668 3492 ἱ)
749 3430 935 3503 Quod
974 3434 1070 3491 ita
1105 3433 1223 3492 erit
1261 3439 1533 3511 gestum,
1561 3433 1627 3491 id
1652 3432 1758 3492 lex
1787 3432 1911 3515 erit
1931 3433 1961 3492 Ῥ
2003 3437 2069 3490 et
2110 3430 2173 3487 in
2204 3448 2310 3488 aes
2338 3422 2507 3486 incidi

499 3529 817 3608 jubebitis,
859 3530 1059 3606 cred0,
1099 3528 1203 3587 illa
1243 3528 1563 3606 legitima:
1628 3529 1665 3559 ‘⁶
1690 3527 1991 3588 Consules
2033 3525 2333 3605 populum
2386 3523 2509 3602 jure

486 3631 860 3704 rogaverunt
879 3625 1214 3686 ”—hocine
1244 3645 1281 3683 a
1309 3625 1644 3704 majoribus
1687 3625 2034 3703 accepimus
2075 3625 2178 3703 jus
2219 3615 2508 3700 rogandi?

486 3722 621 3762 —“
642 3721 1028 3799 populusque
1093 3723 1228 3801 jure
1284 3721 1524 3782 scivit.”
1631 3719 1756 3792 Qui
1810 3720 2081 3798 populus
2108 3721 2138 3780 Ῥ
2208 3721 2362 3794 isne,
2415 3710 2511 3792 qui

489 3815 771 3874 exclusus
817 3819 963 3876 est?
1043 3817 1184 3889 Quo
1222 3816 1359 3893 jure
1380 3819 1411 3875 ⁴?
1451 3837 1530 3873 an
1580 3836 1673 3890 e0‚
1702 3817 1869 3892 quod
1915 3816 1976 3875 vi
2013 3823 2079 3874 et
2122 3817 2307 3874 armis
2348 3826 2509 3872 omne
