<?xml version="1.0" encoding="UTF-8"?>
<!DOCTYPE html PUBLIC "-//W3C//DTD XHTML 1.0 Transitional//EN"
    "http://www.w3.org/TR/xhtml1/DTD/xhtml1-transitional.dtd">
<html xmlns="http://www.w3.org/1999/xhtml" xml:lang="en" lang="en">
 <head>
  <title>
</title>
<meta http-equiv="Content-Type" content="text/html;charset=utf-8" />
  <meta name='ocr-system' content='tesseract 3.04.00' />
  <meta name='ocr-capabilities' content='ocr_page ocr_carea ocr_par ocr_line ocrx_word'/>
</head>
<body>
  <div class='ocr_page' id='page_1' title='image "./selectorationsm02harkgoog_0099.png"; bbox 0 0 2725 4299; ppageno 0'>
   <div class='ocr_carea' id='block_1_1' title="bbox 257 199 288 226">
    <p class='ocr_par' dir='ltr' id='par_1_1' title="bbox 257 199 288 226">
     <span class='ocr_line' id='line_1_1' title="bbox 257 199 288 226; baseline 0 -3"><span class='ocrx_word' id='word_1_1' title='bbox 257 199 288 226; x_wconf 53' lang='grc' dir='ltr'><strong><em>ἡ</em></strong></span> 
     </span>
    </p>
   </div>
   <div class='ocr_carea' id='block_1_2' title="bbox 682 271 2343 350">
    <p class='ocr_par' dir='ltr' id='par_1_2' title="bbox 682 271 2343 350">
     <span class='ocr_line' id='line_1_2' title="bbox 682 271 2343 350; baseline 0.002 -22"><span class='ocrx_word' id='word_1_2' title='bbox 682 280 770 329; x_wconf 72' lang='lat' dir='ltr'>ns</span> <span class='ocrx_word' id='word_1_3' title='bbox 815 280 1090 331; x_wconf 71' lang='lat' dir='ltr'>mrsmo</span> <span class='ocrx_word' id='word_1_4' title='bbox 1137 281 1237 331; x_wconf 80' lang='lat' dir='ltr'>GN.</span> <span class='ocrx_word' id='word_1_5' title='bbox 1272 271 1548 332; x_wconf 76' lang='grc' dir='ltr'><strong>ΡΟΜΡΕΠ</strong></span> <span class='ocrx_word' id='word_1_6' title='bbox 1593 282 1851 332; x_wconf 77' lang='lat' dir='ltr'>ORATIO.</span> <span class='ocrx_word' id='word_1_7' title='bbox 2267 286 2343 350; x_wconf 64' lang='grc' dir='ltr'>’ῃ</span> 
     </span>
    </p>
   </div>
   <div class='ocr_carea' id='block_1_3' title="bbox 187 443 2328 2268">
    <p class='ocr_par' dir='ltr' id='par_1_3' title="bbox 187 443 2239 811">
     <span class='ocr_line' id='line_1_3' title="bbox 187 443 2238 524; baseline 0.003 -24"><span class='ocrx_word' id='word_1_8' title='bbox 187 444 364 502; x_wconf 89' lang='lat' dir='ltr'>tione</span> <span class='ocrx_word' id='word_1_9' title='bbox 415 443 740 520; x_wconf 83' lang='lat' dir='ltr'>exquirere</span> <span class='ocrx_word' id='word_1_10' title='bbox 787 464 1114 522; x_wconf 89' lang='lat' dir='ltr'>possumus</span> <span class='ocrx_word' id='word_1_11' title='bbox 1157 444 1522 521; x_wconf 84' lang='lat' dir='ltr'>veritatem3</span> <span class='ocrx_word' id='word_1_12' title='bbox 1585 451 1773 523; x_wconf 85' lang='lat' dir='ltr'>atque</span> <span class='ocrx_word' id='word_1_13' title='bbox 1817 445 1932 506; x_wconf 89' lang='lat' dir='ltr'>hoc</span> <span class='ocrx_word' id='word_1_14' title='bbox 1973 445 2238 524; x_wconf 86' lang='lat' dir='ltr'>facilius,</span> 
     </span>
     <span class='ocr_line' id='line_1_4' title="bbox 189 539 2239 619; baseline 0.003 -22"><span class='ocrx_word' id='word_1_15' title='bbox 189 539 355 617; x_wconf 87' lang='lat' dir='ltr'>quod</span> <span class='ocrx_word' id='word_1_16' title='bbox 385 558 466 599; x_wconf 90' lang='lat' dir='ltr'>ea</span> <span class='ocrx_word' id='word_1_17' title='bbox 493 540 716 615; x_wconf 85' lang='lat' dir='ltr'>omnia,</span> <span class='ocrx_word' id='word_1_18' title='bbox 744 561 901 618; x_wconf 92' lang='lat' dir='ltr'>quae</span> <span class='ocrx_word' id='word_1_19' title='bbox 929 562 966 599; x_wconf 91' lang='lat' dir='ltr'>a</span> <span class='ocrx_word' id='word_1_20' title='bbox 992 561 1091 601; x_wconf 92' lang='lat' dir='ltr'>me</span> <span class='ocrx_word' id='word_1_21' title='bbox 1119 541 1322 601; x_wconf 89' lang='lat' dir='ltr'>adhuc</span> <span class='ocrx_word' id='word_1_22' title='bbox 1349 542 1518 600; x_wconf 90' lang='lat' dir='ltr'>dicta</span> <span class='ocrx_word' id='word_1_23' title='bbox 1545 550 1708 619; x_wconf 87' lang='lat' dir='ltr'>sunt,</span> <span class='ocrx_word' id='word_1_24' title='bbox 1737 542 1922 603; x_wconf 88' lang='lat' dir='ltr'>iidem</span> <span class='ocrx_word' id='word_1_25' title='bbox 1961 544 2066 603; x_wconf 90' lang='lat' dir='ltr'>isti</span> <span class='ocrx_word' id='word_1_26' title='bbox 2096 564 2239 605; x_wconf 89' lang='lat' dir='ltr'>vera</span> 
     </span>
     <span class='ocr_line' id='line_1_5' title="bbox 191 636 2239 720; baseline 0.001 -24"><span class='ocrx_word' id='word_1_27' title='bbox 191 656 327 696; x_wconf 87' lang='lat' dir='ltr'>esse</span> <span class='ocrx_word' id='word_1_28' title='bbox 370 636 741 713; x_wconf 82' lang='lat' dir='ltr'>concedunt,</span> <span class='ocrx_word' id='word_1_29' title='bbox 770 644 836 696; x_wconf 91' lang='lat' dir='ltr'>et</span> <span class='ocrx_word' id='word_1_30' title='bbox 871 638 1283 697; x_wconf 85' lang='lat' dir='ltr'>necessarium</span> <span class='ocrx_word' id='word_1_31' title='bbox 1311 637 1541 698; x_wconf 90' lang='lat' dir='ltr'>bellum</span> <span class='ocrx_word' id='word_1_32' title='bbox 1582 658 1720 699; x_wconf 92' lang='grc'><strong>6336</strong></span> <span class='ocrx_word' id='word_1_33' title='bbox 1748 646 1815 699; x_wconf 89' lang='lat' dir='ltr'>et</span> <span class='ocrx_word' id='word_1_34' title='bbox 1838 660 2131 720; x_wconf 86' lang='lat' dir='ltr'>magnum</span> <span class='ocrx_word' id='word_1_35' title='bbox 2173 647 2239 701; x_wconf 93' lang='lat' dir='ltr'>et</span> 
     </span>
     <span class='ocr_line' id='line_1_6' title="bbox 192 732 1558 811; baseline 0.001 -19"><span class='ocrx_word' id='word_1_36' title='bbox 192 733 255 792; x_wconf 91' lang='lat' dir='ltr'>in</span> <span class='ocrx_word' id='word_1_37' title='bbox 283 753 413 792; x_wconf 90' lang='lat' dir='ltr'>uno</span> <span class='ocrx_word' id='word_1_38' title='bbox 442 732 553 793; x_wconf 83' lang='lat' dir='ltr'>Cn.</span> <span class='ocrx_word' id='word_1_39' title='bbox 580 732 880 811; x_wconf 90' lang='lat' dir='ltr'>Pompeio</span> <span class='ocrx_word' id='word_1_40' title='bbox 907 753 1142 793; x_wconf 90' lang='lat' dir='ltr'>summa</span> <span class='ocrx_word' id='word_1_41' title='bbox 1171 754 1309 794; x_wconf 90' lang='lat' dir='ltr'>esse</span> <span class='ocrx_word' id='word_1_42' title='bbox 1337 735 1558 794; x_wconf 88' lang='lat' dir='ltr'>omnia.</span> 
     </span>
    </p>

    <p class='ocr_par' dir='ltr' id='par_1_4' title="bbox 190 828 2328 2268">
     <span class='ocr_line' id='line_1_7' title="bbox 310 828 2293 907; baseline 0.003 -20"><span class='ocrx_word' id='word_1_43' title='bbox 310 828 483 902; x_wconf 81' lang='lat' dir='ltr'>Quid</span> <span class='ocrx_word' id='word_1_44' title='bbox 530 829 720 907; x_wconf 89' lang='lat' dir='ltr'>igitur</span> <span class='ocrx_word' id='word_1_45' title='bbox 767 830 858 887; x_wconf 90' lang='lat' dir='ltr'>ait</span> <span class='ocrx_word' id='word_1_46' title='bbox 900 828 1271 889; x_wconf 80' lang='lat' dir='ltr'>Hortensius</span> <span class='ocrx_word' id='word_1_47' title='bbox 1290 832 1320 891; x_wconf 73' lang='lat'>1³</span> <span class='ocrx_word' id='word_1_48' title='bbox 1404 830 1470 889; x_wconf 82' lang='lat' dir='ltr'>Si</span> <span class='ocrx_word' id='word_1_49' title='bbox 1509 831 1617 889; x_wconf 90' lang='lat' dir='ltr'>uni</span> <span class='ocrx_word' id='word_1_50' title='bbox 1659 832 1865 890; x_wconf 90' lang='lat' dir='ltr'>omnia</span> <span class='ocrx_word' id='word_1_51' title='bbox 1907 832 2236 893; x_wconf 85' lang='lat' dir='ltr'>tribuenda</span> <span class='ocrx_word' id='word_1_52' title='bbox 2265 848 2293 893; x_wconf 79' lang='lat'>5</span> 
     </span>
     <span class='ocr_line' id='line_1_8' title="bbox 192 925 2239 1005; baseline 0.002 -21"><span class='ocrx_word' id='word_1_53' title='bbox 192 927 334 1002; x_wconf 91' lang='lat' dir='ltr'>sint,</span> <span class='ocrx_word' id='word_1_54' title='bbox 363 946 557 983; x_wconf 90' lang='lat' dir='ltr'>unum</span> <span class='ocrx_word' id='word_1_55' title='bbox 599 925 1028 1004; x_wconf 86' lang='lat' dir='ltr'>dignissimum</span> <span class='ocrx_word' id='word_1_56' title='bbox 1069 946 1207 987; x_wconf 87' lang='lat' dir='ltr'>esse</span> <span class='ocrx_word' id='word_1_57' title='bbox 1237 926 1621 1005; x_wconf 90' lang='lat' dir='ltr'>Pompeium,</span> <span class='ocrx_word' id='word_1_58' title='bbox 1650 928 1762 988; x_wconf 91' lang='lat' dir='ltr'>sed</span> <span class='ocrx_word' id='word_1_59' title='bbox 1801 928 1882 987; x_wconf 85' lang='lat' dir='ltr'>ad</span> <span class='ocrx_word' id='word_1_60' title='bbox 1920 948 2109 986; x_wconf 91' lang='lat' dir='ltr'>unum</span> <span class='ocrx_word' id='word_1_61' title='bbox 2150 936 2239 988; x_wconf 86' lang='lat' dir='ltr'>ta-</span> 
     </span>
     <span class='ocr_line' id='line_1_9' title="bbox 190 1022 2239 1104; baseline 0.002 -25"><span class='ocrx_word' id='word_1_62' title='bbox 190 1042 338 1082; x_wconf 91' lang='lat' dir='ltr'>men·</span> <span class='ocrx_word' id='word_1_63' title='bbox 362 1022 572 1081; x_wconf 88' lang='lat' dir='ltr'>omnia</span> <span class='ocrx_word' id='word_1_64' title='bbox 599 1023 822 1082; x_wconf 85' lang='lat' dir='ltr'>deferri</span> <span class='ocrx_word' id='word_1_65' title='bbox 848 1043 975 1082; x_wconf 90' lang='grc'><strong>11011</strong></span> <span class='ocrx_word' id='word_1_66' title='bbox 994 1029 1291 1101; x_wconf 75' lang='lat' dir='ltr'>oportere.</span> <span class='ocrx_word' id='word_1_67' title='bbox 1380 1022 1703 1084; x_wconf 85' lang='lat' dir='ltr'>Obsolevit</span> <span class='ocrx_word' id='word_1_68' title='bbox 1726 1025 1854 1104; x_wconf 85' lang='lat' dir='ltr'>jam</span> <span class='ocrx_word' id='word_1_69' title='bbox 1879 1025 2002 1084; x_wconf 84' lang='lat' dir='ltr'>ista</span> <span class='ocrx_word' id='word_1_70' title='bbox 2022 1026 2239 1101; x_wconf 88' lang='lat' dir='ltr'>orati0,</span> 
     </span>
     <span class='ocr_line' id='line_1_10' title="bbox 191 1118 2234 1197; baseline 0.001 -18"><span class='ocrx_word' id='word_1_71' title='bbox 191 1140 258 1179; x_wconf 89' lang='lat' dir='ltr'>re</span> <span class='ocrx_word' id='word_1_72' title='bbox 301 1118 502 1177; x_wconf 91' lang='lat' dir='ltr'>multo</span> <span class='ocrx_word' id='word_1_73' title='bbox 543 1119 746 1197; x_wconf 88' lang='lat' dir='ltr'>magis</span> <span class='ocrx_word' id='word_1_74' title='bbox 789 1138 975 1197; x_wconf 90' lang='lat' dir='ltr'>quam</span> <span class='ocrx_word' id='word_1_75' title='bbox 1010 1120 1212 1181; x_wconf 86' lang='lat' dir='ltr'>verbis</span> <span class='ocrx_word' id='word_1_76' title='bbox 1255 1121 1546 1181; x_wconf 86' lang='lat' dir='ltr'>refutata.</span> <span class='ocrx_word' id='word_1_77' title='bbox 1632 1119 1796 1180; x_wconf 88' lang='lat' dir='ltr'>Nam</span> <span class='ocrx_word' id='word_1_78' title='bbox 1836 1127 1909 1179; x_wconf 91' lang='lat' dir='ltr'>tu</span> <span class='ocrx_word' id='word_1_79' title='bbox 1949 1121 2132 1197; x_wconf 90' lang='lat' dir='ltr'>idem,</span> <span class='ocrx_word' id='word_1_80' title='bbox 2161 1120 2234 1195; x_wconf 82' lang='lat' dir='ltr'>Q.</span> 
     </span>
     <span class='ocr_line' id='line_1_11' title="bbox 190 1215 2237 1296; baseline 0.002 -22"><span class='ocrx_word' id='word_1_81' title='bbox 190 1215 514 1291; x_wconf 80' lang='lat' dir='ltr'><strong>Hortensi,</strong></span> <span class='ocrx_word' id='word_1_82' title='bbox 542 1216 741 1274; x_wconf 90' lang='lat' dir='ltr'>multa</span> <span class='ocrx_word' id='word_1_83' title='bbox 765 1236 877 1294; x_wconf 88' lang='lat' dir='ltr'>pro</span> <span class='ocrx_word' id='word_1_84' title='bbox 905 1223 1016 1275; x_wconf 89' lang='lat' dir='ltr'>tua</span> <span class='ocrx_word' id='word_1_85' title='bbox 1043 1236 1281 1275; x_wconf 91' lang='lat' dir='ltr'>summa</span> <span class='ocrx_word' id='word_1_86' title='bbox 1308 1218 1488 1295; x_wconf 91' lang='lat' dir='ltr'>copia</span> <span class='ocrx_word' id='word_1_87' title='bbox 1515 1236 1586 1276; x_wconf 89' lang='lat' dir='ltr'>ac</span> <span class='ocrx_word' id='word_1_88' title='bbox 1620 1216 1917 1296; x_wconf 85' lang='lat' dir='ltr'>singulari</span> <span class='ocrx_word' id='word_1_89' title='bbox 1944 1217 2237 1278; x_wconf 82' lang='lat' dir='ltr'><strong>facultate</strong></span> 
     </span>
     <span class='ocr_line' id='line_1_12' title="bbox 193 1297 2327 1392; baseline 0.003 -21"><span class='ocrx_word' id='word_1_90' title='bbox 193 1313 439 1372; x_wconf 85' lang='lat' dir='ltr'>dicendi</span> <span class='ocrx_word' id='word_1_91' title='bbox 488 1318 555 1371; x_wconf 92' lang='lat' dir='ltr'>et</span> <span class='ocrx_word' id='word_1_92' title='bbox 599 1312 665 1370; x_wconf 92' lang='lat' dir='ltr'>in</span> <span class='ocrx_word' id='word_1_93' title='bbox 714 1319 934 1372; x_wconf 89' lang='lat' dir='ltr'>senatu</span> <span class='ocrx_word' id='word_1_94' title='bbox 982 1319 1194 1373; x_wconf 85' lang='lat' dir='ltr'>contra</span> <span class='ocrx_word' id='word_1_95' title='bbox 1237 1315 1440 1373; x_wconf 88' lang='lat' dir='ltr'>virum</span> <span class='ocrx_word' id='word_1_96' title='bbox 1485 1315 1729 1389; x_wconf 85' lang='lat' dir='ltr'>fortem,</span> <span class='ocrx_word' id='word_1_97' title='bbox 1758 1313 1838 1374; x_wconf 91' lang='lat' dir='ltr'>A.</span> <span class='ocrx_word' id='word_1_98' title='bbox 1880 1297 2234 1392; x_wconf 71' lang='lat' dir='ltr'>Gabinium,</span> <span class='ocrx_word' id='word_1_99' title='bbox 2266 1332 2327 1378; x_wconf 87' lang='lat'>10</span> 
     </span>
     <span class='ocr_line' id='line_1_13' title="bbox 191 1410 2238 1489; baseline 0.001 -22"><span class='ocrx_word' id='word_1_100' title='bbox 191 1410 473 1489; x_wconf 87' lang='lat' dir='ltr'>graviter</span> <span class='ocrx_word' id='word_1_101' title='bbox 502 1415 842 1487; x_wconf 87' lang='lat' dir='ltr'>ornateque</span> <span class='ocrx_word' id='word_1_102' title='bbox 870 1410 1102 1486; x_wconf 82' lang='lat' dir='ltr'>dixisti,</span> <span class='ocrx_word' id='word_1_103' title='bbox 1131 1430 1318 1488; x_wconf 92' lang='lat' dir='ltr'>quum</span> <span class='ocrx_word' id='word_1_104' title='bbox 1347 1411 1403 1469; x_wconf 85' lang='lat' dir='ltr'>is</span> <span class='ocrx_word' id='word_1_105' title='bbox 1432 1411 1511 1470; x_wconf 89' lang='lat' dir='ltr'>de</span> <span class='ocrx_word' id='word_1_106' title='bbox 1539 1431 1661 1471; x_wconf 91' lang='lat' dir='ltr'>uno</span> <span class='ocrx_word' id='word_1_107' title='bbox 1702 1412 2072 1489; x_wconf 83' lang='lat' dir='ltr'>imperatore</span> <span class='ocrx_word' id='word_1_108' title='bbox 2100 1431 2238 1472; x_wconf 89' lang='lat' dir='ltr'>con-</span> 
     </span>
     <span class='ocr_line' id='line_1_14' title="bbox 190 1506 2239 1586; baseline 0.002 -21"><span class='ocrx_word' id='word_1_109' title='bbox 190 1513 288 1565; x_wconf 89' lang='lat' dir='ltr'>tra</span> <span class='ocrx_word' id='word_1_110' title='bbox 314 1507 661 1585; x_wconf 85' lang='lat' dir='ltr'>praedones</span> <span class='ocrx_word' id='word_1_111' title='bbox 703 1506 1135 1566; x_wconf 90' lang='lat' dir='ltr'>constituendo</span> <span class='ocrx_word' id='word_1_112' title='bbox 1162 1506 1367 1585; x_wconf 87' lang='grc'><strong>1686111</strong></span> <span class='ocrx_word' id='word_1_113' title='bbox 1408 1507 1881 1586; x_wconf 87' lang='lat' dir='ltr'>promulgasset,</span> <span class='ocrx_word' id='word_1_114' title='bbox 1911 1515 1976 1567; x_wconf 88' lang='lat' dir='ltr'>et</span> <span class='ocrx_word' id='word_1_115' title='bbox 2003 1529 2083 1568; x_wconf 82' lang='lat' dir='ltr'>ex</span> <span class='ocrx_word' id='word_1_116' title='bbox 2123 1508 2239 1569; x_wconf 92' lang='grc'><strong>1106</strong></span> 
     </span>
     <span class='ocr_line' id='line_1_15' title="bbox 190 1602 2236 1682; baseline 0.002 -21"><span class='ocrx_word' id='word_1_117' title='bbox 190 1604 328 1682; x_wconf 92' lang='lat' dir='ltr'>ipso</span> <span class='ocrx_word' id='word_1_118' title='bbox 373 1602 514 1662; x_wconf 91' lang='lat' dir='ltr'>loco</span> <span class='ocrx_word' id='word_1_119' title='bbox 558 1602 863 1679; x_wconf 86' lang='lat' dir='ltr'>permulta</span> <span class='ocrx_word' id='word_1_120' title='bbox 906 1603 1058 1662; x_wconf 90' lang='lat' dir='ltr'>item</span> <span class='ocrx_word' id='word_1_121' title='bbox 1104 1609 1322 1662; x_wconf 88' lang='lat' dir='ltr'>contra</span> <span class='ocrx_word' id='word_1_122' title='bbox 1366 1623 1503 1662; x_wconf 89' lang='lat' dir='ltr'>eam</span> <span class='ocrx_word' id='word_1_123' title='bbox 1546 1602 1751 1682; x_wconf 90' lang='lat' dir='ltr'>legem</span> <span class='ocrx_word' id='word_1_124' title='bbox 1793 1605 1979 1664; x_wconf 83' lang='lat' dir='ltr'>verba</span> <span class='ocrx_word' id='word_1_125' title='bbox 2016 1605 2236 1665; x_wconf 90' lang='lat' dir='ltr'>fecisti.</span> 
     </span>
     <span class='ocr_line' id='line_1_16' title="bbox 193 1699 2237 1778; baseline 0 -19"><span class='ocrx_word' id='word_1_126' title='bbox 193 1699 405 1773; x_wconf 80' lang='lat' dir='ltr'>Quid?</span> <span class='ocrx_word' id='word_1_127' title='bbox 463 1705 617 1775; x_wconf 90' lang='lat' dir='ltr'>tum,</span> <span class='ocrx_word' id='word_1_128' title='bbox 654 1720 766 1777; x_wconf 90' lang='lat' dir='ltr'>per</span> <span class='ocrx_word' id='word_1_129' title='bbox 813 1699 963 1759; x_wconf 90' lang='lat' dir='ltr'>deos</span> <span class='ocrx_word' id='word_1_130' title='bbox 1009 1699 1407 1775; x_wconf 89' lang='lat' dir='ltr'>immortales,</span> <span class='ocrx_word' id='word_1_131' title='bbox 1452 1701 1505 1758; x_wconf 91' lang='lat' dir='ltr'>si</span> <span class='ocrx_word' id='word_1_132' title='bbox 1542 1699 1683 1777; x_wconf 91' lang='lat' dir='ltr'>plus</span> <span class='ocrx_word' id='word_1_133' title='bbox 1732 1701 1898 1778; x_wconf 86' lang='lat' dir='ltr'>apud</span> <span class='ocrx_word' id='word_1_134' title='bbox 1940 1700 2237 1778; x_wconf 91' lang='lat' dir='ltr'>populum</span> 
     </span>
     <span class='ocr_line' id='line_1_17' title="bbox 192 1796 2328 1874; baseline 0.002 -18"><span class='ocrx_word' id='word_1_135' title='bbox 192 1797 545 1856; x_wconf 82' lang='lat' dir='ltr'>Romanum</span> <span class='ocrx_word' id='word_1_136' title='bbox 572 1797 904 1855; x_wconf 90' lang='lat' dir='ltr'>auctoritas</span> <span class='ocrx_word' id='word_1_137' title='bbox 945 1802 1054 1854; x_wconf 88' lang='lat' dir='ltr'>tua</span> <span class='ocrx_word' id='word_1_138' title='bbox 1081 1816 1265 1873; x_wconf 90' lang='lat' dir='ltr'>quam</span> <span class='ocrx_word' id='word_1_139' title='bbox 1293 1796 1491 1874; x_wconf 90' lang='lat' dir='ltr'>ipsius</span> <span class='ocrx_word' id='word_1_140' title='bbox 1531 1797 1744 1874; x_wconf 92' lang='lat' dir='ltr'>populi</span> <span class='ocrx_word' id='word_1_141' title='bbox 1771 1796 2033 1855; x_wconf 88' lang='lat' dir='ltr'>Romani</span> <span class='ocrx_word' id='word_1_142' title='bbox 2073 1796 2237 1856; x_wconf 89' lang='lat' dir='ltr'>salus</span> <span class='ocrx_word' id='word_1_143' title='bbox 2268 1814 2328 1860; x_wconf 77' lang='lat'>15</span> 
     </span>
     <span class='ocr_line' id='line_1_18' title="bbox 192 1891 2239 1971; baseline -0 -18"><span class='ocrx_word' id='word_1_144' title='bbox 192 1900 260 1953; x_wconf 89' lang='lat' dir='ltr'>et</span> <span class='ocrx_word' id='word_1_145' title='bbox 287 1913 433 1953; x_wconf 85' lang='lat' dir='ltr'>vera</span> <span class='ocrx_word' id='word_1_146' title='bbox 462 1912 649 1951; x_wconf 90' lang='lat' dir='ltr'>causa</span> <span class='ocrx_word' id='word_1_147' title='bbox 675 1891 990 1968; x_wconf 85' lang='lat' dir='ltr'>valuisset,</span> <span class='ocrx_word' id='word_1_148' title='bbox 1018 1891 1204 1952; x_wconf 89' lang='lat' dir='ltr'>hodie</span> <span class='ocrx_word' id='word_1_149' title='bbox 1234 1891 1392 1952; x_wconf 88' lang='lat' dir='ltr'>hanc</span> <span class='ocrx_word' id='word_1_150' title='bbox 1423 1892 1683 1971; x_wconf 86' lang='lat' dir='ltr'>gloriam</span> <span class='ocrx_word' id='word_1_151' title='bbox 1711 1897 1898 1969; x_wconf 84' lang='lat' dir='ltr'>atque</span> <span class='ocrx_word' id='word_1_152' title='bbox 1934 1893 2049 1952; x_wconf 90' lang='lat' dir='ltr'>hoc</span> <span class='ocrx_word' id='word_1_153' title='bbox 2075 1894 2239 1952; x_wconf 90' lang='lat' dir='ltr'>orbis</span> 
     </span>
     <span class='ocr_line' id='line_1_19' title="bbox 191 1987 2242 2067; baseline 0.001 -18"><span class='ocrx_word' id='word_1_154' title='bbox 191 1997 393 2049; x_wconf 86' lang='lat' dir='ltr'>terrae</span> <span class='ocrx_word' id='word_1_155' title='bbox 437 1988 763 2066; x_wconf 83' lang='lat' dir='ltr'>imperium</span> <span class='ocrx_word' id='word_1_156' title='bbox 801 1995 1151 2049; x_wconf 87' lang='lat' dir='ltr'>teneremus</span> <span class='ocrx_word' id='word_1_157' title='bbox 1169 1991 1199 2049; x_wconf 80' lang='lat'>⁶?</span> <span class='ocrx_word' id='word_1_158' title='bbox 1279 1987 1386 2047; x_wconf 87' lang='lat' dir='ltr'>Au</span> <span class='ocrx_word' id='word_1_159' title='bbox 1430 1988 1551 2048; x_wconf 89' lang='lat' dir='ltr'>tibi</span> <span class='ocrx_word' id='word_1_160' title='bbox 1586 1995 1720 2048; x_wconf 91' lang='lat' dir='ltr'>tum</span> <span class='ocrx_word' id='word_1_161' title='bbox 1763 1990 2084 2067; x_wconf 90' lang='lat' dir='ltr'>imperium</span> <span class='ocrx_word' id='word_1_162' title='bbox 2126 1989 2242 2051; x_wconf 92' lang='grc'><strong>1106</strong></span> 
     </span>
     <span class='ocr_line' id='line_1_20' title="bbox 192 2086 2239 2170; baseline 0.001 -22"><span class='ocrx_word' id='word_1_163' title='bbox 192 2107 331 2148; x_wconf 89' lang='grc'><strong>6336</strong></span> <span class='ocrx_word' id='word_1_164' title='bbox 378 2086 726 2164; x_wconf 85' lang='lat' dir='ltr'>videbatur,</span> <span class='ocrx_word' id='word_1_165' title='bbox 779 2110 967 2168; x_wconf 91' lang='lat' dir='ltr'>quum</span> <span class='ocrx_word' id='word_1_166' title='bbox 1022 2089 1239 2170; x_wconf 89' lang='lat' dir='ltr'>populi</span> <span class='ocrx_word' id='word_1_167' title='bbox 1296 2088 1562 2147; x_wconf 87' lang='lat' dir='ltr'>Romani</span> <span class='ocrx_word' id='word_1_168' title='bbox 1616 2088 1832 2169; x_wconf 88' lang='lat' dir='ltr'>legati,</span> <span class='ocrx_word' id='word_1_169' title='bbox 1882 2095 2239 2169; x_wconf 84' lang='lat' dir='ltr'>quaestores</span> 
     </span>
     <span class='ocr_line' id='line_1_21' title="bbox 192 2188 2239 2268; baseline 0.001 -21"><span class='ocrx_word' id='word_1_170' title='bbox 192 2196 632 2268; x_wconf 84' lang='lat' dir='ltr'>praetoresque</span> <span class='ocrx_word' id='word_1_171' title='bbox 688 2189 1082 2267; x_wconf 81' lang='lat' dir='ltr'>capiebantur</span> <span class='ocrx_word' id='word_1_172' title='bbox 1097 2191 1127 2249; x_wconf 81' lang='lat'>⁴?</span> <span class='ocrx_word' id='word_1_173' title='bbox 1197 2210 1387 2268; x_wconf 89' lang='lat' dir='ltr'>quum</span> <span class='ocrx_word' id='word_1_174' title='bbox 1442 2213 1520 2253; x_wconf 85' lang='lat' dir='ltr'>ex</span> <span class='ocrx_word' id='word_1_175' title='bbox 1575 2188 1858 2249; x_wconf 90' lang='lat' dir='ltr'>omnibus</span> <span class='ocrx_word' id='word_1_176' title='bbox 1912 2189 2239 2268; x_wconf 80' lang='lat' dir='ltr'>provinciis</span> 
     </span>
    </p>
   </div>
   <div class='ocr_carea' id='block_1_4' title="bbox 192 2274 2336 3919">
    <p class='ocr_par' dir='ltr' id='par_1_5' title="bbox 194 2274 2332 2566">
     <span class='ocr_line' id='line_1_22' title="bbox 194 2274 2332 2372; baseline -0.002 -21"><span class='ocrx_word' id='word_1_177' title='bbox 194 2299 543 2351; x_wconf 85' lang='lat' dir='ltr'>commeatu</span> <span class='ocrx_word' id='word_1_178' title='bbox 589 2300 655 2354; x_wconf 89' lang='lat' dir='ltr'>et</span> <span class='ocrx_word' id='word_1_179' title='bbox 698 2294 940 2372; x_wconf 84' lang='lat' dir='ltr'>privato</span> <span class='ocrx_word' id='word_1_180' title='bbox 980 2300 1047 2353; x_wconf 92' lang='lat' dir='ltr'>et</span> <span class='ocrx_word' id='word_1_181' title='bbox 1073 2292 1320 2371; x_wconf 89' lang='lat' dir='ltr'>publico</span> <span class='ocrx_word' id='word_1_182' title='bbox 1365 2291 1831 2371; x_wconf 88' lang='lat' dir='ltr'>prohibebamur</span> <span class='ocrx_word' id='word_1_183' title='bbox 1848 2295 1878 2355; x_wconf 74' lang='lat'>⁸?</span> <span class='ocrx_word' id='word_1_184' title='bbox 1919 2313 2108 2371; x_wconf 90' lang='lat' dir='ltr'>quum</span> <span class='ocrx_word' id='word_1_185' title='bbox 2148 2274 2240 2351; x_wconf 65' lang='lat' dir='ltr'>ita</span> <span class='ocrx_word' id='word_1_186' title='bbox 2268 2300 2332 2347; x_wconf 81' lang='lat'>20</span> 
     </span>
     <span class='ocr_line' id='line_1_23' title="bbox 194 2391 2240 2469; baseline -0.002 -16"><span class='ocrx_word' id='word_1_187' title='bbox 194 2393 403 2453; x_wconf 87' lang='lat' dir='ltr'>clausa</span> <span class='ocrx_word' id='word_1_188' title='bbox 446 2393 626 2452; x_wconf 90' lang='lat' dir='ltr'>nobis</span> <span class='ocrx_word' id='word_1_189' title='bbox 675 2398 850 2452; x_wconf 88' lang='lat' dir='ltr'>erant</span> <span class='ocrx_word' id='word_1_190' title='bbox 891 2391 1086 2449; x_wconf 88' lang='lat' dir='ltr'>maria</span> <span class='ocrx_word' id='word_1_191' title='bbox 1131 2391 1354 2467; x_wconf 90' lang='lat' dir='ltr'>omnia,</span> <span class='ocrx_word' id='word_1_192' title='bbox 1400 2396 1473 2448; x_wconf 87' lang='lat' dir='ltr'>ut</span> <span class='ocrx_word' id='word_1_193' title='bbox 1519 2411 1721 2468; x_wconf 90' lang='lat' dir='ltr'>neque</span> <span class='ocrx_word' id='word_1_194' title='bbox 1763 2392 2067 2469; x_wconf 87' lang='lat' dir='ltr'>privatam</span> <span class='ocrx_word' id='word_1_195' title='bbox 2113 2411 2240 2451; x_wconf 90' lang='lat' dir='ltr'>rem</span> 
     </span>
     <span class='ocr_line' id='line_1_24' title="bbox 194 2487 1974 2566; baseline 0 -19"><span class='ocrx_word' id='word_1_196' title='bbox 194 2490 661 2549; x_wconf 90' lang='lat' dir='ltr'>transmarinam</span> <span class='ocrx_word' id='word_1_197' title='bbox 687 2508 889 2566; x_wconf 88' lang='lat' dir='ltr'>neque</span> <span class='ocrx_word' id='word_1_198' title='bbox 917 2487 1222 2566; x_wconf 83' lang='lat' dir='ltr'>publicam</span> <span class='ocrx_word' id='word_1_199' title='bbox 1250 2487 1378 2566; x_wconf 83' lang='lat' dir='ltr'>jam</span> <span class='ocrx_word' id='word_1_200' title='bbox 1405 2487 1575 2547; x_wconf 92' lang='lat' dir='ltr'>obire</span> <span class='ocrx_word' id='word_1_201' title='bbox 1603 2507 1927 2565; x_wconf 91' lang='lat' dir='ltr'>possemus</span> <span class='ocrx_word' id='word_1_202' title='bbox 1944 2489 1974 2547; x_wconf 82' lang='lat'><strong>?</strong></span> 
     </span>
    </p>

    <p class='ocr_par' dir='ltr' id='par_1_6' title="bbox 192 2582 2336 3919">
     <span class='ocr_line' id='line_1_25' title="bbox 317 2582 2243 2660; baseline -0.002 -15"><span class='ocrx_word' id='word_1_203' title='bbox 317 2586 561 2647; x_wconf 79' lang='lat' dir='ltr'>XVHJ.</span> <span class='ocrx_word' id='word_1_204' title='bbox 606 2584 780 2658; x_wconf 82' lang='lat' dir='ltr'>Quae</span> <span class='ocrx_word' id='word_1_205' title='bbox 803 2585 1022 2645; x_wconf 88' lang='lat' dir='ltr'>civitas</span> <span class='ocrx_word' id='word_1_206' title='bbox 1043 2590 1229 2644; x_wconf 88' lang='lat' dir='ltr'>antea</span> <span class='ocrx_word' id='word_1_207' title='bbox 1251 2603 1519 2660; x_wconf 91' lang='lat' dir='ltr'>unquam</span> <span class='ocrx_word' id='word_1_208' title='bbox 1541 2584 1865 2643; x_wconf 86' lang='lat' dir='ltr'>fuit—non</span> <span class='ocrx_word' id='word_1_209' title='bbox 1894 2585 2029 2643; x_wconf 91' lang='lat' dir='ltr'>dico</span> <span class='ocrx_word' id='word_1_210' title='bbox 2049 2582 2243 2643; x_wconf 90' lang='lat' dir='ltr'>Athe-</span> 
     </span>
     <span class='ocr_line' id='line_1_26' title="bbox 194 2679 2241 2760; baseline -0.002 -19"><span class='ocrx_word' id='word_1_211' title='bbox 194 2683 522 2759; x_wconf 88' lang='lat' dir='ltr'>niensium,</span> <span class='ocrx_word' id='word_1_212' title='bbox 552 2702 712 2760; x_wconf 90' lang='lat' dir='ltr'>quae</span> <span class='ocrx_word' id='word_1_213' title='bbox 755 2681 907 2740; x_wconf 91' lang='lat' dir='ltr'>satis</span> <span class='ocrx_word' id='word_1_214' title='bbox 951 2680 1079 2740; x_wconf 91' lang='lat' dir='ltr'>late</span> <span class='ocrx_word' id='word_1_215' title='bbox 1112 2680 1422 2757; x_wconf 85' lang='lat' dir='ltr'>quondam</span> <span class='ocrx_word' id='word_1_216' title='bbox 1466 2699 1635 2739; x_wconf 87' lang='lat' dir='ltr'>mare</span> <span class='ocrx_word' id='word_1_217' title='bbox 1680 2679 1953 2739; x_wconf 90' lang='lat' dir='ltr'>tenuisse</span> <span class='ocrx_word' id='word_1_218' title='bbox 1998 2679 2241 2754; x_wconf 84' lang='lat' dir='ltr'>dicitur,</span> 
     </span>
     <span class='ocr_line' id='line_1_27' title="bbox 193 2775 2332 2857; baseline -0.005 -19"><span class='ocrx_word' id='word_1_219' title='bbox 193 2800 316 2839; x_wconf 91' lang='lat' dir='ltr'>non</span> <span class='ocrx_word' id='word_1_220' title='bbox 350 2777 992 2857; x_wconf 85' lang='lat' dir='ltr'>Karthaginiensium,</span> <span class='ocrx_word' id='word_1_221' title='bbox 1021 2777 1126 2854; x_wconf 91' lang='lat' dir='ltr'>qui</span> <span class='ocrx_word' id='word_1_222' title='bbox 1167 2776 1540 2854; x_wconf 90' lang='lat' dir='ltr'>permultum</span> <span class='ocrx_word' id='word_1_223' title='bbox 1570 2777 1764 2835; x_wconf 89' lang='lat' dir='ltr'>classe</span> <span class='ocrx_word' id='word_1_224' title='bbox 1806 2795 1877 2834; x_wconf 90' lang='lat' dir='ltr'>ac</span> <span class='ocrx_word' id='word_1_225' title='bbox 1918 2775 2242 2835; x_wconf 88' lang='lat' dir='ltr'>maritimis</span> <span class='ocrx_word' id='word_1_226' title='bbox 2270 2783 2332 2829; x_wconf 80' lang='grc'>25</span> 
     </span>
     <span class='ocr_line' id='line_1_28' title="bbox 192 2873 2241 2951; baseline -0.001 -17"><span class='ocrx_word' id='word_1_227' title='bbox 192 2877 375 2936; x_wconf 88' lang='lat' dir='ltr'>rebus</span> <span class='ocrx_word' id='word_1_228' title='bbox 402 2875 749 2950; x_wconf 83' lang='lat' dir='ltr'>valuerunt,</span> <span class='ocrx_word' id='word_1_229' title='bbox 777 2895 901 2934; x_wconf 92' lang='lat' dir='ltr'>non</span> <span class='ocrx_word' id='word_1_230' title='bbox 929 2873 1326 2949; x_wconf 89' lang='lat' dir='ltr'>Rhodiorum,</span> <span class='ocrx_word' id='word_1_231' title='bbox 1356 2892 1615 2951; x_wconf 90' lang='lat' dir='ltr'>quorum</span> <span class='ocrx_word' id='word_1_232' title='bbox 1644 2892 1837 2951; x_wconf 90' lang='lat' dir='ltr'>usque</span> <span class='ocrx_word' id='word_1_233' title='bbox 1866 2873 1945 2931; x_wconf 89' lang='lat' dir='ltr'>ad</span> <span class='ocrx_word' id='word_1_234' title='bbox 1969 2878 2241 2932; x_wconf 82' lang='lat' dir='ltr'>nostram</span> 
     </span>
     <span class='ocr_line' id='line_1_29' title="bbox 195 2968 2245 3049; baseline -0.001 -18"><span class='ocrx_word' id='word_1_235' title='bbox 195 2973 555 3033; x_wconf 90' lang='lat' dir='ltr'>memoriam</span> <span class='ocrx_word' id='word_1_236' title='bbox 582 2971 908 3049; x_wconf 87' lang='lat' dir='ltr'>disciplina</span> <span class='ocrx_word' id='word_1_237' title='bbox 935 2970 1168 3031; x_wconf 84' lang='lat' dir='ltr'>navalis</span> <span class='ocrx_word' id='word_1_238' title='bbox 1198 2975 1264 3029; x_wconf 93' lang='lat' dir='ltr'>et</span> <span class='ocrx_word' id='word_1_239' title='bbox 1303 2968 1505 3048; x_wconf 87' lang='lat' dir='ltr'>gloria</span> <span class='ocrx_word' id='word_1_240' title='bbox 1542 2970 2076 3048; x_wconf 82' lang='lat' dir='ltr'>remansit—quae</span> <span class='ocrx_word' id='word_1_241' title='bbox 2103 2971 2245 3031; x_wconf 88' lang='lat' dir='ltr'>civi·</span> 
     </span>
     <span class='ocr_line' id='line_1_30' title="bbox 193 3066 2242 3148; baseline -0.001 -19"><span class='ocrx_word' id='word_1_242' title='bbox 193 3076 292 3129; x_wconf 90' lang='lat' dir='ltr'>tas</span> <span class='ocrx_word' id='word_1_243' title='bbox 320 3089 596 3148; x_wconf 91' lang='lat' dir='ltr'>unquam</span> <span class='ocrx_word' id='word_1_244' title='bbox 639 3075 823 3129; x_wconf 90' lang='lat' dir='ltr'>antea</span> <span class='ocrx_word' id='word_1_245' title='bbox 866 3073 995 3126; x_wconf 90' lang='lat' dir='ltr'>tam</span> <span class='ocrx_word' id='word_1_246' title='bbox 1022 3066 1248 3141; x_wconf 90' lang='lat' dir='ltr'>tenuis,</span> <span class='ocrx_word' id='word_1_247' title='bbox 1279 3086 1439 3144; x_wconf 89' lang='lat' dir='ltr'>quae</span> <span class='ocrx_word' id='word_1_248' title='bbox 1483 3072 1612 3125; x_wconf 89' lang='lat' dir='ltr'>tam</span> <span class='ocrx_word' id='word_1_249' title='bbox 1653 3086 1841 3144; x_wconf 86' lang='lat' dir='ltr'>parva</span> <span class='ocrx_word' id='word_1_250' title='bbox 1880 3067 2078 3127; x_wconf 90' lang='lat' dir='ltr'>insula</span> <span class='ocrx_word' id='word_1_251' title='bbox 2106 3069 2242 3144; x_wconf 86' lang='lat' dir='ltr'>fuit,</span> 
     </span>
     <span class='ocr_line' id='line_1_31' title="bbox 194 3160 2243 3245; baseline -0.001 -20"><span class='ocrx_word' id='word_1_252' title='bbox 194 3187 353 3245; x_wconf 89' lang='lat' dir='ltr'>quae</span> <span class='ocrx_word' id='word_1_253' title='bbox 381 3186 508 3224; x_wconf 90' lang='grc'><strong>11011</strong></span> <span class='ocrx_word' id='word_1_254' title='bbox 551 3171 768 3242; x_wconf 89' lang='lat' dir='ltr'>portus</span> <span class='ocrx_word' id='word_1_255' title='bbox 796 3184 939 3223; x_wconf 90' lang='lat' dir='ltr'>suos</span> <span class='ocrx_word' id='word_1_256' title='bbox 970 3168 1037 3223; x_wconf 90' lang='lat' dir='ltr'>et</span> <span class='ocrx_word' id='word_1_257' title='bbox 1063 3182 1246 3240; x_wconf 87' lang='lat' dir='ltr'>agros</span> <span class='ocrx_word' id='word_1_258' title='bbox 1291 3168 1358 3221; x_wconf 90' lang='lat' dir='ltr'>et</span> <span class='ocrx_word' id='word_1_259' title='bbox 1399 3160 1663 3239; x_wconf 88' lang='lat' dir='ltr'>aliquam</span> <span class='ocrx_word' id='word_1_260' title='bbox 1709 3170 1943 3241; x_wconf 88' lang='lat' dir='ltr'>partem</span> <span class='ocrx_word' id='word_1_261' title='bbox 1972 3165 2243 3243; x_wconf 88' lang='lat' dir='ltr'>regionis</span> 
     </span>
     <span class='ocr_line' id='line_1_32' title="bbox 193 3258 2335 3341; baseline -0.004 -18"><span class='ocrx_word' id='word_1_262' title='bbox 193 3270 384 3341; x_wconf 82' lang='lat' dir='ltr'>atque</span> <span class='ocrx_word' id='word_1_263' title='bbox 412 3283 560 3322; x_wconf 87' lang='lat' dir='ltr'>orae</span> <span class='ocrx_word' id='word_1_264' title='bbox 601 3262 940 3320; x_wconf 86' lang='lat' dir='ltr'>maritimae</span> <span class='ocrx_word' id='word_1_265' title='bbox 980 3279 1094 3337; x_wconf 92' lang='lat' dir='ltr'>per</span> <span class='ocrx_word' id='word_1_266' title='bbox 1119 3279 1188 3318; x_wconf 91' lang='lat' dir='ltr'>se</span> <span class='ocrx_word' id='word_1_267' title='bbox 1216 3258 1348 3336; x_wconf 92' lang='lat' dir='ltr'>ipsa</span> <span class='ocrx_word' id='word_1_268' title='bbox 1377 3259 1735 3319; x_wconf 89' lang='lat' dir='ltr'>defenderet</span> <span class='ocrx_word' id='word_1_269' title='bbox 1756 3261 1786 3319; x_wconf 83' lang='lat'><strong>?</strong></span> <span class='ocrx_word' id='word_1_270' title='bbox 1867 3260 1959 3319; x_wconf 88' lang='lat' dir='ltr'>At</span> <span class='ocrx_word' id='word_1_271' title='bbox 1993 3261 2242 3321; x_wconf 89' lang='lat' dir='ltr'>hercule</span> <span class='ocrx_word' id='word_1_272' title='bbox 2270 3270 2335 3315; x_wconf 85' lang='lat'>30</span> 
     </span>
     <span class='ocr_line' id='line_1_33' title="bbox 193 3353 2244 3437; baseline -0.001 -19"><span class='ocrx_word' id='word_1_273' title='bbox 193 3359 432 3437; x_wconf 87' lang='lat' dir='ltr'>aliquot</span> <span class='ocrx_word' id='word_1_274' title='bbox 458 3378 651 3417; x_wconf 89' lang='lat' dir='ltr'>annos</span> <span class='ocrx_word' id='word_1_275' title='bbox 679 3357 1004 3417; x_wconf 89' lang='lat' dir='ltr'>continuos</span> <span class='ocrx_word' id='word_1_276' title='bbox 1046 3361 1194 3414; x_wconf 91' lang='lat' dir='ltr'>ante</span> <span class='ocrx_word' id='word_1_277' title='bbox 1234 3354 1438 3433; x_wconf 88' lang='lat' dir='ltr'>legem</span> <span class='ocrx_word' id='word_1_278' title='bbox 1469 3353 1793 3415; x_wconf 84' lang='lat' dir='ltr'>Gabiniam</span> <span class='ocrx_word' id='word_1_279' title='bbox 1831 3356 1935 3416; x_wconf 90' lang='lat' dir='ltr'>ille</span> <span class='ocrx_word' id='word_1_280' title='bbox 1978 3358 2244 3435; x_wconf 90' lang='lat' dir='ltr'>populus</span> 
     </span>
     <span class='ocr_line' id='line_1_34' title="bbox 193 3453 2248 3533; baseline -0.001 -18"><span class='ocrx_word' id='word_1_281' title='bbox 193 3455 535 3530; x_wconf 86' lang='lat' dir='ltr'>Romanus,</span> <span class='ocrx_word' id='word_1_282' title='bbox 566 3455 740 3533; x_wconf 87' lang='lat' dir='ltr'>cujus</span> <span class='ocrx_word' id='word_1_283' title='bbox 783 3473 975 3532; x_wconf 90' lang='lat' dir='ltr'>usque</span> <span class='ocrx_word' id='word_1_284' title='bbox 1004 3453 1083 3511; x_wconf 89' lang='lat' dir='ltr'>ad</span> <span class='ocrx_word' id='word_1_285' title='bbox 1109 3460 1388 3511; x_wconf 90' lang='lat' dir='ltr'>nostram</span> <span class='ocrx_word' id='word_1_286' title='bbox 1414 3453 1772 3511; x_wconf 87' lang='lat' dir='ltr'>memoriam</span> <span class='ocrx_word' id='word_1_287' title='bbox 1798 3473 2022 3512; x_wconf 89' lang='lat' dir='ltr'>nomen</span> <span class='ocrx_word' id='word_1_288' title='bbox 2061 3454 2248 3512; x_wconf 89' lang='lat' dir='ltr'>invic-</span> 
     </span>
     <span class='ocr_line' id='line_1_35' title="bbox 195 3542 2247 3628; baseline -0.001 -20"><span class='ocrx_word' id='word_1_289' title='bbox 195 3559 321 3609; x_wconf 88' lang='lat' dir='ltr'>tum</span> <span class='ocrx_word' id='word_1_290' title='bbox 344 3553 409 3610; x_wconf 92' lang='lat' dir='ltr'>in</span> <span class='ocrx_word' id='word_1_291' title='bbox 433 3542 756 3611; x_wconf 88' lang='lat' dir='ltr'>navalibus</span> <span class='ocrx_word' id='word_1_292' title='bbox 785 3550 1017 3628; x_wconf 88' lang='lat' dir='ltr'>pugnis</span> <span class='ocrx_word' id='word_1_293' title='bbox 1043 3548 1473 3626; x_wconf 89' lang='lat' dir='ltr'>permanserit,</span> <span class='ocrx_word' id='word_1_294' title='bbox 1495 3570 1720 3628; x_wconf 90' lang='lat' dir='ltr'>magna</span> <span class='ocrx_word' id='word_1_295' title='bbox 1748 3570 1819 3608; x_wconf 90' lang='grc'>36</span> <span class='ocrx_word' id='word_1_296' title='bbox 1846 3549 2041 3608; x_wconf 90' lang='lat' dir='ltr'>multo</span> <span class='ocrx_word' id='word_1_297' title='bbox 2062 3549 2247 3606; x_wconf 87' lang='lat' dir='ltr'>maxi-</span> 
     </span>
     <span class='ocr_line' id='line_1_36' title="bbox 192 3645 2246 3725; baseline -0.001 -20"><span class='ocrx_word' id='word_1_298' title='bbox 192 3668 292 3705; x_wconf 89' lang='lat' dir='ltr'>ma</span> <span class='ocrx_word' id='word_1_299' title='bbox 336 3655 517 3725; x_wconf 87' lang='lat' dir='ltr'>parte</span> <span class='ocrx_word' id='word_1_300' title='bbox 544 3668 670 3707; x_wconf 91' lang='lat' dir='ltr'>non</span> <span class='ocrx_word' id='word_1_301' title='bbox 698 3647 883 3707; x_wconf 89' lang='lat' dir='ltr'>modo</span> <span class='ocrx_word' id='word_1_302' title='bbox 909 3645 1226 3721; x_wconf 87' lang='lat' dir='ltr'>utilitatis,</span> <span class='ocrx_word' id='word_1_303' title='bbox 1254 3646 1365 3705; x_wconf 87' lang='lat' dir='ltr'>sed</span> <span class='ocrx_word' id='word_1_304' title='bbox 1407 3645 1738 3722; x_wconf 89' lang='lat' dir='ltr'>dignitatis</span> <span class='ocrx_word' id='word_1_305' title='bbox 1777 3651 1962 3722; x_wconf 86' lang='lat' dir='ltr'>atque</span> <span class='ocrx_word' id='word_1_306' title='bbox 2007 3645 2246 3722; x_wconf 91' lang='lat' dir='ltr'>imperii</span> 
     </span>
     <span class='ocr_line' id='line_1_37' title="bbox 194 3738 2336 3821; baseline -0.003 -17"><span class='ocrx_word' id='word_1_307' title='bbox 194 3746 408 3805; x_wconf 84' lang='lat' dir='ltr'>caruit.</span> <span class='ocrx_word' id='word_1_308' title='bbox 494 3744 648 3820; x_wconf 85' lang='lat' dir='ltr'>Nos,</span> <span class='ocrx_word' id='word_1_309' title='bbox 671 3763 930 3821; x_wconf 92' lang='lat' dir='ltr'>quorum</span> <span class='ocrx_word' id='word_1_310' title='bbox 959 3743 1222 3821; x_wconf 86' lang='lat' dir='ltr'>majores</span> <span class='ocrx_word' id='word_1_311' title='bbox 1245 3738 1622 3801; x_wconf 89' lang='lat' dir='ltr'>Antiochum</span> <span class='ocrx_word' id='word_1_312' title='bbox 1644 3759 1852 3819; x_wconf 89' lang='lat' dir='ltr'>regem</span> <span class='ocrx_word' id='word_1_313' title='bbox 1882 3740 2079 3800; x_wconf 91' lang='lat' dir='ltr'>classe</span> <span class='ocrx_word' id='word_1_314' title='bbox 2107 3740 2246 3800; x_wconf 89' lang='lat' dir='ltr'>Per·</span> <span class='ocrx_word' id='word_1_315' title='bbox 2272 3752 2336 3798; x_wconf 85' lang='lat'>35</span> 
     </span>
     <span class='ocr_line' id='line_1_38' title="bbox 196 3835 2247 3919; baseline -0.002 -19"><span class='ocrx_word' id='word_1_316' title='bbox 196 3861 454 3919; x_wconf 91' lang='lat' dir='ltr'>semque</span> <span class='ocrx_word' id='word_1_317' title='bbox 496 3846 862 3919; x_wconf 88' lang='lat' dir='ltr'>superarunt</span> <span class='ocrx_word' id='word_1_318' title='bbox 902 3838 1308 3915; x_wconf 88' lang='lat' dir='ltr'>omnibusque</span> <span class='ocrx_word' id='word_1_319' title='bbox 1354 3837 1671 3896; x_wconf 86' lang='lat' dir='ltr'>navalibus</span> <span class='ocrx_word' id='word_1_320' title='bbox 1713 3837 1937 3913; x_wconf 86' lang='lat' dir='ltr'>pugnis</span> <span class='ocrx_word' id='word_1_321' title='bbox 1981 3835 2247 3896; x_wconf 89' lang='lat' dir='ltr'>Kartha-</span> 
     </span>
    </p>
   </div>
  </div>
 </body>
</html>
