2725 4299
994 769 1078 834 M.
1128 768 1417 832 TULLII
1470 767 1926 832 CICERONIS

1419 927 1503 969 m:

510 1078 1234 1185 IMPERIO
1347 1017 1581 1185 ΟΝ.
1691 1079 2416 1186 ΡΟΜΡΕΠ

1396 1297 1535 1340 SIVE

988 1428 1162 1478 PRO
1230 1428 1467 1478 LEGE
1534 1430 1937 1480 MANILIA

786 1621 1234 1689 ORATIO
1308 1622 1464 1689 AD
1555 1622 2150 1702 QUIRITES.

562 1926 610 1988 Ι.
657 1924 1048 2000 Quaqua
1073 1922 1239 1983 'mihi
1279 1945 1524 2003 semper
1554 1925 1841 2002 frequens
1881 1932 2254 2002 conspectus
2281 1930 2494 1985 vester

442 2023 638 2082 multo
663 2023 1162 2101 jucundissimus,
1184 2021 1286 2081 hie
1313 2029 1520 2082 autem
1548 2020 1716 2081 loeus
1744 2021 1825 2080 ad
1851 2022 2160 2099 agendum
2188 2021 2494 2100 amplissi-

441 2139 597 2196 muS,
626 2121 707 2180 ad
750 2120 1078 2180 dicendum
1121 2119 1547 2178 ornatissimus
1590 2124 1686 2179 est
1719 2119 1911 2196 visuS,
1939 2116 2233 2195 QuiriteS,
2276 2129 2490 2180 tamen
2517 2195 2520 2198 Ι

438 2218 557 2276 hoc
584 2218 757 2276 aditu
797 2217 1017 2293 laudis,
1045 2216 1151 2294 qui
1180 2236 1429 2295 semper
1453 2217 1690 2295 optimo
1717 2216 1937 2294 cuique
1964 2217 2233 2276 maxime
2261 2218 2491 2296 patuit,

385 2323 414 2370 5
441 2332 564 2372 non
607 2333 746 2373 mea
790 2334 889 2374 me
932 2313 1218 2374 voluntas
1265 2314 1484 2390 adhue,
1514 2314 1625 2373 sed
1652 2314 1823 2375 vitae
1868 2333 2043 2373 meae
2086 2313 2362 2374 rationes
2411 2314 2491 2373 ab

439 2410 693 2470 ineunte
735 2416 939 2471 aetate
968 2417 1294 2489 susceptae
1336 2410 1799 2490 prohibuerunt.
1882 2409 2047 2468 Nam
2074 2431 2265 2487 quum
2303 2417 2491 2471 antea

441 2525 555 2584 per
580 2513 850 2567 aetatem
871 2509 1143 2568 nondum
1170 2508 1354 2587 hujus
1379 2507 1806 2566 auctoritatem
1834 2505 1953 2565 loci
1973 2506 2287 2585 attingere
2309 2508 2491 2568 aude-

442 2624 571 2665 rem
598 2611 1052 2685 statueremque
1080 2606 1232 2664 nihil
1260 2604 1379 2664 hue
1406 2604 1524 2663 nisi
1551 2604 1888 2682 perfectum
1915 2603 2188 2681 ingenio,
2216 2603 2491 2664 elabora-

442 2707 572 2760 tum
600 2701 899 2763 industria
919 2704 1116 2764 afferri
1135 2709 1440 2782 oportere,
1462 2721 1644 2760 omne
1665 2721 1869 2760 meum
1888 2705 2133 2777 tempus
2155 2701 2490 2761 amicorum

357 2808 420 2856 10
445 2800 829 2877 temporibus
873 2801 1413 2859 transmittendum
1462 2798 1695 2877 putavi.
1779 2795 1880 2855 Ita
1922 2816 2125 2874 neque
2167 2796 2272 2855 hie
2315 2797 2491 2858 loeus

443 2916 670 2955 vacuus
697 2917 964 2973 unquam
991 2898 1110 2955 fuit
1136 2898 1216 2956 ab
1243 2899 1343 2974 iis,
1367 2898 1473 2975 qui
1494 2903 1758 2957 vestram
1787 2915 2032 2955 causam
2060 2894 2489 2973 defenderent,

445 2997 510 3051 et
536 3011 710 3050 meus
736 2992 926 3068 labor,
954 2993 1017 3051 in
1046 2994 1420 3070 privatorum
1448 2993 1741 3071 periculis
1769 2997 1939 3051 caste
1967 2991 2335 3069 integreque
2361 3013 2492 3052 ver-

445 3093 636 3162 satuS,
665 3107 745 3147 ex
770 3094 979 3147 vestro
1020 3089 1251 3168 judicio
1278 3091 1540 3149 fructum
1579 3096 1677 3150 est
1720 3088 2164 3167 amplissimum
2203 3091 2493 3148 oonsee'u-

445 3189 564 3242 tus,
650 3182 811 3242 Nam
853 3205 1037 3262 quum
1079 3193 1335 3265 propter
1374 3186 1734 3246 dilationem
1770 3185 2150 3245 comitiorum
2180 3189 2278 3244 ter
2317 3206 2493 3268 prae-

358 3294 419 3339 16
447 3288 547 3338 tor
571 3280 805 3357 primus
826 3283 1116 3342 centuriis
1138 3284 1370 3343 cunetis
1389 3283 1778 3343 renuntiatus
1807 3303 1959 3358 sum,
1980 3281 2160 3341 facile
2185 3281 2491 3359 intellexi,

448 3374 739 3454 QuiriteS,
762 3384 828 3437 et
849 3379 996 3456 quid
1020 3380 1098 3438 de
1118 3400 1218 3439 me
1245 3380 1599 3458 judicaretis
1628 3386 1695 3438 et
1715 3380 1866 3456 quid
1887 3379 2024 3437 aliis
2051 3378 2494 3456 praescribere·

447 3475 545 3534 tis,
629 3473 832 3550 Nune,
855 3494 1039 3551 quum
1069 3482 1134 3534 et
1160 3476 1544 3535 auctoritatis
1572 3477 1638 3534 in
1665 3497 1765 3535 me
1794 3481 2034 3533 tantum
2063 3476 2165 3551 sit,
2187 3481 2490 3552 quantum

447 3591 558 3631 vos
586 3570 916 3631 honoribus
936 3573 1297 3631 mandandis
1321 3593 1459 3632 esse
1479 3573 1780 3649 voluistiS,
1798 3579 1864 3632 et
1881 3573 1959 3631 ad
1981 3573 2286 3649 agendum
2306 3572 2493 3631 facul-

449 3669 602 3726 tatis
656 3675 918 3744 tantum,
961 3675 1269 3746 ⁴quantum
1321 3669 1559 3729 homini
1614 3668 1899 3747 vigilanti
1954 3689 2035 3728 ex
2078 3669 2317 3727 -forensi
2372 3689 2491 3728 usu

346 3776 409 3823 20
449 3782 641 3839 prope
670 3765 1026 3840 quotidiana
1053 3766 1294 3825 dicendi
1322 3766 1682 3825 exercitatio
1721 3766 1929 3844 potuit
1964 3765 2197 3840 afferre,
2226 3771 2396 3825 certe
2425 3773 2491 3825 et
