2725 4299
802 253 877 307 m
923 254 1291 308 cuum-m
1335 256 1583 333 omno
1627 257 1947 310 SECUNDA.
2367 265 2445 324 23

288 418 712 498 Picenumque
756 422 1065 498 praemisi,
1107 428 1217 480 aut
1260 423 1575 499 opprimet
1618 422 1924 483 hominem
1972 429 2084 482 aut
2127 443 2341 484 omnes

287 517 427 595 ejus
483 526 694 576 motus
744 527 1126 595 conatusque
1180 517 1553 595 prohibebit.
1665 518 1946 596 Reliquis
2001 526 2211 579 autem
2261 519 2340 579 de

286 613 473 673 rebus
519 613 995 688 constituendis,
1026 614 1425 691 maturandiS‚
1455 614 1716 693 agendis
1757 616 1887 694 jam
1928 616 2009 674 ad
2053 621 2337 675 senatum

285 710 645 784 referemus,
673 728 859 786 quem
886 710 1093 769 vocari
1124 710 1370 770 videtis,

408 806 599 866 Nunc
647 805 811 881 illos,
855 806 964 884 qui
1003 807 1069 864 in
1109 806 1263 866 urbc
1307 815 1752 884 remanserunt,
1795 814 1983 886 atque
2026 810 2181 870 adeo
2228 810 2336 887 qui
2363 823 2393 869 5

283 909 502 962 contra
527 902 703 961 urbis
730 903 995 962 salutem
1019 904 1414 980 omniumque
1435 910 1715 963 nostrum
1745 905 1811 962 in
1833 905 1983 965 urbe
2006 926 2043 964 a
2071 905 2339 965 Catilina

281 999 493 1058 relicti·
517 1006 688 1075 sunt,
718 1019 1082 1076 quamquam
1113 1006 1263 1058 sunt
1289 999 1522 1075 hosteS,
1552 1006 1781 1076 tamen,
1803 1002 1946 1077 quia
1975 1011 2122 1060 sunt
2149 1003 2337 1078 civeS,

283 1097 562 1156 monitos
592 1096 783 1156 etiam
814 1103 1002 1173 atque
1031 1096 1219 1155 ctiam
1248 1096 1408 1156 volo,
1494 1096 1636 1156 Mea
1664 1097 1894 1156 lenitas
1923 1098 2120 1158 adhuc
2158 1099 2212 1156 si
2239 1100 2337 1157 cui

281 1193 553 1252 solutior
607 1193 742 1253 visa
797 1199 913 1268 est,
973 1193 1090 1251 hoc
1147 1194 1557 1270 exspectavit,
1613 1201 1686 1252 ut
1741 1195 1805 1253 id
1861 1196 2031 1272 quod
2097 1195 2335 1255 latebat

282 1296 659 1368 erumperet.
746 1286 928 1361 Quod
964 1289 1267 1366 reliquum
1297 1296 1415 1365 est,
1441 1291 1567 1369 jam
1594 1311 1718 1349 non
1748 1311 1997 1369 possum
2037 1291 2332 1368 oblivisci,
2361 1300 2423 1351 10

283 1406 493 1482 meang
527 1387 687 1444 hanc
729 1406 866 1444 6556
909 1386 1194 1462 patriam,
1229 1407 1329 1445 me
1379 1386 1593 1444 horum
1636 1408 1775 1447 6556
1817 1388 2152 1464 consulem,
2181 1388 2334 1448 mihi

279 1490 395 1541 aut
421 1503 561 1541 cum
593 1483 686 1541 his
706 1483 1037 1542 vivendum
1068 1490 1179 1541 aut
1200 1502 1314 1559 pro
1342 1482 1437 1541 his
1467 1503 1604 1542 esse
1626 1484 2024 1544 moriendum.
2108 1484 2333 1544 Nullus

281 1588 384 1640 est
410 1580 609 1657 portis
638 1586 864 1655 custos,
887 1579 1092 1638 nullus
1121 1580 1446 1638 insidiator
1472 1580 1645 1655 viae;
1688 1581 1741 1639 si
1769 1581 1873 1658 qui
1901 1581 2070 1640 exire
2100 1581 2332 1657 volunt,

281 1677 574 1736 conivere
618 1696 904 1754 possum:
949 1679 1056 1753 qui
1096 1696 1245 1735 vero
1291 1695 1360 1735 se
1401 1677 1465 1733 in
1508 1676 1661 1736 urbe
1710 1678 2127 1753 commoverit,
2157 1679 2332 1757 cujus

278 1794 407 1851 ego
461 1793 586 1831 non
644 1773 828 1831 modo
882 1773 1131 1847 factum,
1182 1773 1294 1832 sed
1348 1773 1659 1850 inceptum
1717 1773 1911 1831 ullum
1965 1782 2330 1835 conatumve
2359 1787 2420 1834 15

280 1876 501 1930 contra
527 1871 798 1946 patriam
828 1868 1311 1947 deprehenderO,
1343 1871 1574 1929 sentiet
1601 1870 1668 1928 in
1696 1869 1811 1928 hac
1850 1869 2004 1928 urbe
2031 1890 2171 1930 6556
2197 1891 2332 1930 con·

280 1967 453 2027 511165
507 1967 860 2046 vigilanteS,
909 1987 1046 2026 5556
1103 1967 1508 2045 magistratus
1565 1967 1871 2046 egregiOS,
1916 1986 2054 2027 esse
2108 1969 2330 2028 fortem

280 2066 588 2140 senatum,
619 2084 757 2124 esse
799 2083 986 2138 arma,
1017 2083 1156 2123 esse
1199 2083 1522 2135 carcerem,
1553 2084 1738 2141 quem
1765 2063 2072 2125 vindicem
2112 2066 2332 2125 nefari-

277 2184 458 2223 orum
487 2182 560 2223 ac
606 2162 1068 2221 manifestorum
1110 2162 1419 2228 scelerum
1445 2163 1711 2242 majores
1757 2165 1952 2223 nostri
1983 2184 2121 2224 esse
2162 2165 2330 2224 volu·

278 2265 481 2320 erunt.
856 2249 865 2256 “
1158 2335 1163 2338 ,
2352 2273 2419 2320 20

404 2354 583 2416 XIII.
629 2353 840 2434 Atque
867 2355 1022 2416 haec
1049 2356 1258 2415 omnia
1286 2356 1374 2416 sic
1403 2362 1685 2435 agentur,
1716 2355 2016 2433 Quirites,
2047 2363 2118 2420 ut
2145 2358 2331 2416 maxi-

278 2473 424 2513 mae
451 2473 552 2512 res
590 2454 840 2512 minimo
882 2460 1077 2530 motu,
1105 2452 1371 2531 pericula
1414 2474 1650 2513 summa
1676 2456 1847 2514 nullo
1887 2454 2176 2530 tumultu,
2206 2454 2328 2515 bel·

277 2547 409 2609 lum
452 2551 823 2609 intestinum
870 2571 943 2609 ac
991 2550 1397 2609 domesticum
1425 2559 1571 2628 post
1612 2550 1930 2610 hominum
1972 2551 2326 2610 memoriam

278 2647 771 2707 crudelissimum
815 2652 883 2706 et
923 2646 1259 2704 maximum
1303 2666 1406 2705 me
1433 2667 1560 2705 uno
1601 2635 1823 2725 togato
1851 2648 2006 2706 duce
2047 2654 2113 2706 et
2141 2649 2328 2725 impe-

278 2750 486 2802 ratore
516 2742 780 2802 sedetur.
867 2740 1050 2814 Quod
1078 2762 1198 2821 ego
1227 2742 1316 2801 sic
1344 2742 1802 2817 administrabo,
1832 2739 2123 2818 QuiriteS,
2152 2750 2243 2819 ut,
2272 2745 2325 2804 si
2351 2758 2413 2804 25

279 2839 413 2899 ullo
464 2839 646 2897 modo
675 2838 807 2897 fieri
850 2838 1104 2915 poterit,
1133 2859 1212 2898 ne
1257 2838 1573 2916 improbus
1600 2838 1848 2916 quidem
1890 2837 2215 2916 quisquam
2259 2841 2323 2899 in

278 2936 398 2995 hac
437 2936 590 2995 urbe
630 2955 895 3013 poenam
924 2936 1021 2993 sui
1051 2935 1297 2995 sceleris
1328 2937 1596 2995 sufferat.
1687 2934 1810 2994 Sed
1839 2935 1892 2994 si
1918 2936 2013 2995 vis
2043 2939 2352 2998 manifes-.

281 3043 388 3093 tae
417 3033 727 3108 audaciae,
757 3032 812 3090 si
838 3032 1202 3109 impendens
1247 3032 1485 3110 patriae
1527 3032 1868 3109 periculum
1911 3053 2009 3093 me
2051 3054 2326 3094 necessa·

281 3131 375 3188 rio
404 3130 483 3189 de
510 3129 625 3188 hac
652 3129 837 3187 animi
863 3128 1125 3188 lenitate
1148 3128 1495 3204 deduxerit,
1518 3128 1667 3186 illud
1695 3129 1972 3206 profecto
1993 3130 2322 3207 perficiam,

281 3227 449 3304 quod
475 3226 541 3285 in
567 3234 744 3285 tanto
773 3232 839 3286 et
865 3232 997 3285 tam
1026 3226 1326 3285 insidioso
1353 3225 1519 3284 bello
1545 3226 1652 3285 vix
1694 3227 2033 3304 optandum
2062 3229 2319 3304 videtur,
2348 3241 2412 3286 30

281 3329 355 3380 ut
381 3342 583 3400 neque
611 3323 809 3381 bonus
840 3323 1157 3400 quisquam
1186 3322 1453 3381 intereat
1488 3342 1938 3400 paucorumque
1978 3343 2183 3401 poena
2207 3344 2320 3385 vos

281 3419 407 3498 jam
434 3438 646 3478 omnes
675 3418 831 3477 salvi
858 3438 996 3477 esse
1024 3418 1291 3495 possitis·

404 3512 581 3588 Quae
609 3515 862 3593 quidem
891 3535 1011 3592 ego
1038 3535 1242 3591 neque
1271 3534 1412 3575 mea
1439 3515 1770 3592 prudentia
1798 3534 1998 3592 neque
2037 3513 2319 3573 humanis

284 3611 552 3671 consiliis
593 3612 787 3670 fretus
828 3610 1121 3688 polliceor
1146 3612 1342 3687 vobis,
1373 3609 1666 3687 QuiriteS,
1696 3610 1808 3670 sed
1850 3609 2057 3667 multis
2084 3614 2151 3665 et
2193 3629 2317 3668 non

285 3706 486 3765 dubiis
533 3708 788 3767 deorum
836 3696 1270 3767 immortalium
1312 3706 1884 3786 significationibuS,
1931 3702 2152 3780 quibus
2197 3725 2317 3784 ego
2346 3719 2408 3765 35

286 3801 543 3863 ducibus
563 3804 629 3863 in
648 3804 808 3862 hanc
826 3823 996 3883 spem
1016 3808 1511 3881 sententiamque
1529 3823 1665 3861 sum
1682 3803 2001 3877 ingressus
2017 3818 2037 3873 3
2066 3802 2171 3876 qui
2189 3802 2318 3881 jam
