2725 4299
297 307 374 365 96
944 303 1070 350 rno
1117 303 1171 358 Q.
1209 301 1483 349 LIGARIO
1531 300 1785 350 ORATIO.

403 466 643 524 alienae
692 487 728 522 a
772 473 836 524 te
879 464 1255 524 voluntatis:
1315 464 1490 543 cujus
1537 484 1658 542 ego
1707 483 1950 522 causam
2001 464 2447 540 animadverte,

404 581 655 639 quaeSO,
683 582 805 639 qua
833 562 953 621 fide
1000 560 1366 621 defendam:
1411 560 1604 638 prodo
1650 579 1866 620 meam.
1952 558 2009 619 O
2052 559 2449 619 clementiam

403 657 824 717 admirabilem
878 664 1067 735 atque
1113 656 1386 716 omnium
1435 656 1636 732 laude,
1684 655 2183 734 praedicatione,·
2216 656 2446 716 litteris

403 751 935 832 monumentisque
980 754 1428 814 decorandam!
1512 750 1719 826 Quum
1762 752 1843 813 M.
1893 752 2112 812 Cicero
2164 754 2335 831 apud
2383 760 2446 812 te

343 865 373 910 δ
403 850 700 926 defendit,
730 850 920 909 alium
946 850 1010 907 in
1038 870 1112 909 ea
1141 849 1462 909 voluntate
1499 869 1623 907 non
1650 849 1863 925 fuisse,
1893 849 1959 907 in
1987 868 2112 927 qua
2140 869 2211 909 se
2241 850 2444 926 ipsum

386 947 727 1016 ‚confitetur
771 946 981 1022 fuisse,
1008 966 1122 1006 nec
1166 952 1308 1004 tuas
1351 946 1579 1004 tacitas
1620 945 2033 1023 cogitationes
2067 945 2444 1021 extimescit,

403 1065 535 1120 nec,
563 1044 714 1123 quid
753 1045 870 1103 tibi
900 1044 978 1103 de
1008 1042 1130 1102 alio
1157 1041 1437 1101 audienti
1465 1042 1543 1101 de
1589 1061 1655 1101 se
1695 1042 1832 1119 ipso
1859 1050 2153 1119 occurrat,
2182 1043 2447 1102 reformi-

403 1143 529 1201 dat.

524 1237 638 1297 111.
684 1237 868 1313 Vide,
920 1256 1105 1314 quam
1158 1256 1281 1294 non
1339 1235 1765 1311 reformidem3
1827 1236 1994 1314 vide,
2044 1243 2293 1315 quanta
2340 1237 2445 1295 lux

315 1345 375 1391 10
405 1332 790 1392 liberalitatis
819 1340 886 1393 et
914 1334 1260 1410 sapientiae
1300 1340 1449 1392 tuae
1478 1332 1630 1390 mihi
1658 1334 1823 1410 apud
1853 1339 1922 1393 te
1948 1334 2183 1393 dicenti
2212 1334 2446 1394 oboria-

404 1437 521 1488 tur.
605 1428 921 1502 Quantum
968 1437 1208 1508 poter0,
1251 1449 1405 1490 voce
1455 1431 1842 1505 contendam,
1889 1436 1960 1488 ut
2006 1430 2282 1508 populus
2333 1431 2447 1491 hoc

404 1527 719 1587 Romanus
746 1527 1074 1588 exaudiat:
1120 1526 1422 1605 Suscepto
1450 1526 1635 1602 bello,
1663 1525 1908 1603 Caesar,
1936 1534 2119 1605 gesto
2146 1527 2342 1587 etiam
2369 1548 2445 1588 ex

403 1631 581 1703 parte
627 1645 872 1703 magna,
900 1623 1070 1683 nulla
1097 1624 1160 1684 vi
1203 1629 1469 1699 coactus,
1497 1621 1731 1703 judicio
1774 1643 1845 1681 ac
1875 1623 2198 1683 voluntate
2243 1626 2328 1684 ad
2374 1646 2448 1685 ea

405 1742 570 1781 arma
613 1723 927 1799 profectus
955 1742 1111 1797 sum,
1140 1742 1299 1798 quae
1327 1726 1504 1781 erant
1548 1726 1794 1798 sumpta
1826 1726 2038 1779 contra
2078 1726 2162 1782 te.
2251 1720 2447 1800 Apud

315 1830 374 1876 15
406 1839 590 1901 quem
617 1819 809 1898 igitur
852 1819 967 1878 hoc
994 1819 1128 1877 dico
1149 1819 1179 1877 *Ρ
1260 1816 1503 1895 Nempe
1545 1818 1712 1895 apud
1753 1837 1912 1893 eum,
1942 1818 2049 1895 qui
2093 1838 2285 1895 quum
2331 1818 2449 1878 hoc

406 1917 612 1992 sciret,
652 1922 860 1975 tamen
908 1936 1026 1991 me,
1068 1921 1402 1992 antequam
1441 1913 1616 1989 vidit,
1657 1914 1749 1973 rei
1799 1913 2081 1990 publicae
2129 1915 2447 1991 reddidit3

405 2014 513 2090 qui
541 2014 621 2073 ad
663 2032 765 2072 me
809 2032 887 2071 ex
918 2010 1218 2091 Aegypto
1262 2011 1503 2069 litteras
1547 2009 1736 2086 misit,
1765 2017 1837 2068 ut
1881 2030 2082 2070 essem
2127 2010 2293 2070 idem
2340 2014 2448 2090 qui

404 2109 697 2184 fuissem3
741 2109 867 2185 qui,
897 2128 1085 2186 quum
1128 2109 1263 2186 ipse
1303 2108 1637 2186 imperator
1676 2108 1740 2166 in
1768 2113 1903 2167 toto
1932 2108 2189 2186 imperio
2227 2109 2451 2188 populi

405 2205 669 2263 Romani
698 2224 858 2263 unus
887 2212 1070 2279 esset,
1093 2224 1230 2264 esse
1259 2225 1358 2264 me
1387 2204 1649 2264 alterum
1678 2225 1897 2282 passus
1924 2211 2021 2264 est
2044 2228 2060 2282 3
2103 2227 2140 2264 a
2162 2226 2307 2284 quo,
2331 2207 2449 2267 hoc
2529 2235 2535 2238 ⁴

312 2312 375 2358 20
405 2302 540 2379 ipso
585 2299 651 2359 O.
682 2299 889 2359 Pansa
931 2300 1082 2357 mihi
1125 2301 1416 2359 nuntium
1463 2302 1831 2378 perferente,
1877 2322 2199 2362 concessos
2245 2303 2448 2363 fasces

403 2397 711 2456 laureatos
740 2396 931 2472 tenui,
954 2396 1157 2474 quoad
1179 2399 1485 2456 tenendos
1513 2398 1731 2476 putavi
1753 2420 1769 2474 3
1813 2399 1917 2475 qui
1943 2397 2094 2456 mihi
2117 2405 2252 2456 tum
2280 2401 2450 2460 deni-

405 2514 525 2572 que
555 2514 621 2553 se
650 2494 913 2554 salutem
954 2494 1202 2572 putavit
1229 2495 1395 2570 dare,
1426 2496 1478 2554 si
1509 2516 1646 2553 eam
1688 2494 1874 2554 nullis
1904 2495 2229 2572 spoliatam
2271 2487 2446 2558 orna-

404 2592 630 2652 mentis
658 2592 953 2652 dedisset.

532 2688 710 2766 Vide,
739 2709 986 2768 quaeSO,
1015 2687 1277 2764 Tuber0,
1316 2693 1407 2763 ut,
1438 2685 1545 2764 qui
1590 2688 1668 2746 de
1712 2708 1851 2748 meo
1895 2689 2058 2747 facto
2100 2709 2226 2748 non
2272 2691 2447 2751 dubi-

311 2797 373 2842 25
405 2793 553 2862 tem,
581 2788 660 2846 de
690 2787 923 2865 Ligarii
965 2806 1086 2845 non
1133 2786 1395 2844 audeam
1436 2784 1725 2844 confiteri.
1816 2783 2029 2862 Atque
2070 2785 2222 2844 haec
2264 2807 2448 2866 prop-

403 2889 573 2942 terea
601 2884 679 2942 de
719 2903 818 2941 me
846 2883 996 2957 dixi,
1025 2889 1098 2941 ut
1124 2882 1278 2940 mihi
1318 2881 1580 2955 Tubero,
1609 2901 1799 2958 quum
1826 2882 1904 2941 de
1943 2902 2011 2940 se
2038 2882 2257 2942 eadem
2285 2885 2449 2944 dice·

403 2999 551 3054 rem,
580 2978 963 3054 ignosceret:
1009 2964 1185 3057 cujus
1215 2999 1336 3057 ego
1367 2977 1706 3036 industriae
1747 2977 2104 3056 gloriaeque
2132 2980 2316 3040 faveo
2342 2982 2452 3042 vel
2517 3026 2524 3035 ,

402 3079 654 3151 propter
697 3074 1104 3151 propinquam
1145 3075 1600 3152 cognationem,
1632 3072 1742 3133 'vel
1787 3075 1953 3152 quod
2001 3075 2136 3153 ejus
2186 3077 2456 3155 ingenio

406 3170 743 3246 studiisque
770 3169 1063 3247 delector,
1085 3170 1186 3230 vel
1207 3172 1375 3248 quod
1403 3171 1650 3229 laudem
1671 3170 2083 3231 adolescentis
2110 3175 2455 3252 propinqui

311 3278 375 3325 30
405 3266 695 3326 existimo
723 3266 912 3325 etiam
941 3268 1018 3325 ad
1048 3287 1254 3326 meum
1281 3267 1548 3345 aliquem
1577 3268 1847 3326 fructum
1873 3269 2231 3330 redundare.
2321 3270 2455 3332 Sed

403 3365 520 3422 hoc
542 3381 801 3440 quaero:
846 3360 1002 3436 Quis
1021 3369 1205 3441 putat
1226 3383 1365 3423 esse
1387 3363 1614 3422 crimen
1637 3364 1829 3424 fuisse
1849 3366 1913 3422 in
1930 3363 2144 3424 Africa
2160 3368 2190 3425 ¹?
2216 3413 2218 3415 .
2260 3366 2456 3427 Nem-

403 3481 484 3540 pe
512 3460 586 3535 is,
617 3459 720 3536 qui
750 3464 814 3518 et
842 3459 978 3537 ipse
1004 3461 1068 3518 in
1097 3461 1312 3520 eadem
1341 3458 1553 3519 Africa
1582 3481 1720 3520 esse
1749 3462 1948 3520 voluit
1977 3468 2042 3521 et
2068 3462 2452 3539 prohibitum

406 3578 472 3618 se
501 3579 538 3615 a
563 3555 812 3634 Ligario
841 3557 1116 3632 queritur
1159 3564 1224 3616 et
1270 3562 1439 3616 certe
1484 3563 1698 3615 contra
1743 3557 1945 3634 ipsum
1982 3557 2307 3618 Caesarem
2350 3568 2458 3618 est

406 3671 771 3732 congressus
799 3657 1086 3712 armatus,
1173 3650 1340 3726 Quid
1370 3652 1536 3712 enim
1577 3659 1723 3712 tuus
1753 3654 1877 3728 ille,
1907 3653 2167 3729 TuberO,
2196 3655 2457 3715 destric-

312 3761 374 3806 35
407 3759 510 3809 tus
536 3751 600 3807 in
630 3750 762 3809 acie
802 3748 1155 3808 Pharsalica
1181 3748 1429 3827 gladius
1459 3749 1686 3826 agebat
1705 3752 1735 3809 P
1777 3750 1952 3828 cujus
1980 3750 2144 3809 latus
2185 3751 2292 3830 ille
2323 3773 2454 3810 mu-

408 3866 508 3903 cro
547 3846 806 3920 petebat
826 3847 855 3905 ⁴?
897 3846 1003 3922 qui
1044 3864 1261 3904 sensus
1306 3851 1442 3903 erat
1470 3864 1772 3902 armorum
1810 3851 2055 3903 tuorum
2078 3849 2108 3906 ⁸?
2148 3867 2309 3924 quae
2338 3855 2454 3908 tua
