2725 4299
956 765 1041 829 Μ.
1084 764 1375 829 TULLII
1416 764 1872 831 CICERONIS

1354 944 1472 985 PRO

394 1093 529 1205 A.
618 1095 1177 1211 LICINIO
1270 1096 1855 1204 ARCHIA
1951 1098 2444 1206 POETA

896 1348 1258 1416 ORATIO
1317 1349 1456 1415 AD
1516 1350 1930 1420 JUDICES.

510 1724 560 1785 Ι.
605 1722 676 1784 S1
701 1719 851 1801 quid
868 1726 966 1781 est
985 1719 1050 1779 in
1069 1741 1169 1781 me
1189 1720 1444 1801 ingenii,
1464 1721 1718 1801 judiccS,
1740 1720 1908 1800 quod
1929 1722 2133 1783 sentio
2149 1742 2335 1800 quam
2353 1725 2440 1783 sit

391 1822 709 1901 exiguum,
750 1824 860 1878 aut
907 1818 959 1877 si
1003 1838 1125 1901 qua
1168 1818 1532 1879 exercitatio
1581 1818 1845 1895 dicendi,
1892 1820 1960 1877 in
1996 1840 2119 1897 qua
2163 1840 2265 1880 me
2309 1841 2438 1880 non

389 1919 619 1978 infitior
660 1917 1053 1977 mediocriter
1094 1936 1228 1976 esse
1256 1922 1588 1992 versatum,
1617 1923 1727 1975 aut
1771 1916 1824 1974 si
1853 1916 2111 1995 hujusce
2138 1917 2229 1976 rei
2270 1919 2436 1977 ratio

391 2016 598 2093 aliqua
624 2014 703 2073 ab
730 2014 1095 2090 optimarum
1122 2013 1339 2071 artium
1366 2012 1592 2071 studiis
1618 2033 1690 2072 ac
1717 2012 2043 2091 disciplina
2067 2015 2367 2092 profecta,
2396 2035 2437 2074 3

335 2124 366 2172 5
394 2132 515 2190 qua
541 2130 661 2189 ego
688 2108 924 2168 nullum
953 2110 1246 2168 confiteor
1272 2107 1504 2170 aetatis
1525 2129 1700 2171 meae
1730 2116 1977 2188 tempus
2005 2110 2390 2173 abhorruisse
2414 2133 2434 2190 3

391 2227 597 2269 earum
622 2226 825 2266 rerum
852 2206 1121 2264 omnium
1150 2206 1247 2266 vel
1276 2208 1339 2264 in
1367 2205 1582 2285 primis
1622 2207 1722 2267 hic
1749 2205 1828 2268 A.
1861 2207 2138 2266 Licinius
2164 2208 2433 2268 fructum
2545 2243 2548 2245 ·

390 2330 428 2368 a
473 2328 573 2367 me
614 2313 896 2385 repetere
938 2324 1128 2383 prope
1159 2323 1270 2362 suo
1309 2305 1445 2382 jure
1486 2305 1692 2365 debet.
1779 2304 1942 2363 Nam
1972 2307 2175 2383 quoad
2204 2306 2432 2385 longis-

389 2406 539 2464 sime
564 2409 775 2481 potest
800 2421 975 2462 mens
1000 2422 1139 2460 mea
1165 2400 1465 2479 respicere
1489 2402 1758 2479 spatium
1785 2402 2104 2479 praeteriti
2130 2404 2432 2480 temporis

388 2505 456 2560 ct
480 2499 782 2577 pueritiae
809 2497 1167 2557 memoriam
1192 2495 1495 2554 recordari
1538 2495 1833 2572 ultimam,
1863 2496 2008 2555 inde
2037 2516 2232 2573 usque
2260 2517 2433 2575 repe-

267 2613 283 2629 ·
304 2605 365 2652 10
389 2603 528 2657 tens
568 2597 733 2655 hunc
763 2595 944 2657 video
988 2593 1141 2652 mihi
1181 2592 1519 2671 principem
1561 2599 1628 2651 et
1654 2593 1735 2651 ad
1762 2592 2208 2671 suscipiendam
2240 2600 2306 2653 et
2346 2595 2429 2653 ad

387 2693 854 2773 ingrediendam
883 2693 1184 2753 rationem
1212 2689 1430 2748 horum
1459 2689 1797 2748 studiorum
1826 2690 2157 2751 exstitisse.
2242 2688 2429 2763 Quod

388 2791 440 2849 si
467 2791 618 2851 haec
640 2812 762 2852 vox
788 2791 973 2870 hujus
1000 2790 1253 2849 hortatu
1280 2786 1750 2866 praeceptisque
1772 2787 2146 2846 conformata
2171 2787 2430 2846 nonnul-

385 2887 462 2945 lis
505 2887 834 2964 aliquando
884 2886 1067 2946 saluti
1108 2886 1245 2961 fuit,
1275 2906 1311 2943 a
1355 2904 1479 2962 quo
1526 2883 1589 2941 id
1632 2883 1996 2961 accepimuS,
2038 2903 2161 2961 quo
2202 2887 2428 2945 ceteris

386 2982 673 3061 opitulari
701 2989 767 3041 et
787 2981 941 3041 alios
969 3001 1209 3041 servare
1238 3000 1577 3059 possemuS,
1598 2979 1743 3040 huic
1769 2981 2048 3058 profecto
2074 2981 2216 3058 ipsi,
2238 3002 2427 3059 quan-

301 3086 361 3135 15
387 3085 517 3137 tum
546 3083 644 3138 cst
670 3078 855 3136 situm
880 3078 946 3136 in
972 3078 1169 3154 nobiS,
1199 3085 1265 3137 et
1291 3098 1471 3156 opem
1501 3084 1568 3137 et
1597 3076 1854 3137 salutem
1883 3077 2039 3137 ferre
2068 3078 2380 3139 debemus.

504 3173 604 3233 Ac
629 3194 708 3234 ne
735 3174 875 3252 quis
914 3195 952 3233 a
991 3175 1169 3234 nobis
1195 3174 1311 3234 hoc
1339 3176 1431 3233 ita
1471 3175 1592 3234 dici
1620 3175 1777 3234 forte
1806 3174 2080 3250 miretur,
2108 3175 2276 3252 quod
2303 3175 2425 3234 alia

382 3271 686 3351 quaedam
713 3270 779 3328 in
805 3269 920 3330 hoc
940 3271 1204 3330 facultas
1226 3271 1306 3331 sit
1330 3272 1564 3349 ingenii
1594 3291 1793 3349 neque
1819 3269 1971 3330 haec
1998 3270 2243 3330 dicendi
2263 3273 2425 3332 ratio

384 3374 494 3429 aut
519 3366 862 3446 disciplina,
888 3387 968 3428 ne
1007 3388 1121 3427 nos
1147 3368 1398 3445 quidem
1435 3367 1580 3428 huic
1624 3369 1732 3425 uni
1781 3367 1986 3427 studio
2026 3369 2277 3445 penitus
2318 3388 2426 3426 un-

381 3486 567 3546 quam
593 3464 788 3525 dediti
815 3465 1058 3525 fuimus,
1143 3464 1392 3524 Etenim
1414 3483 1627 3524 omnes
1654 3473 1837 3540 arteS,
1859 3484 2018 3542 quae
2040 3464 2121 3523 ad
2147 3463 2425 3524 humani-

293 3571 363 3623 20
383 3570 580 3625 tatem
619 3562 952 3642 pertinent,
995 3559 1230 3619 habent
1276 3560 1586 3637 quoddam
1635 3580 1955 3622 commune
1999 3560 2315 3622 vinculum
2356 3566 2425 3620 et

381 3662 559 3740 quasi
586 3657 953 3738 cognatione
982 3656 1247 3735 quadam
1275 3657 1441 3717 inter
1468 3676 1534 3716 se
1563 3658 1969 3719 continentur.

501 3757 582 3817 IL
629 3755 751 3816 Sed
796 3776 873 3814 ne
922 3755 1020 3812 cui
1064 3759 1338 3813 vestrum
1386 3754 1606 3810 mirum
1662 3773 1799 3813 esse
1843 3755 2148 3831 videatur,
2197 3774 2297 3813 me
2353 3754 2422 3812 in
