2725 4299
736 267 808 317 IN
853 267 1208 318 ANTONIUM
1253 268 1498 319 ORATIO
1542 269 1770 319 PRmA.
2203 272 2320 332 125

176 429 371 510 profici
408 431 698 508 potuerit
726 431 979 510 aliquid,
1007 433 1121 492 sed
1161 452 1240 490 ne
1266 452 1427 491 unus
1455 432 1643 491 modo
1670 431 2025 509 consulariS‚
2054 434 2222 510 quod

180 535 297 586 tum
323 527 568 603 accidit,
600 527 834 606 dignus
861 528 968 588 illo
994 529 1249 604 honore,
1277 528 1504 606 dignus
1532 549 1597 588 re
1633 528 1880 605 publica
1924 529 2221 589 invenire-

177 631 277 685 tur.
359 621 501 697 Qua
528 624 790 702 quidem
819 645 899 684 ex
925 645 991 684 re
1021 645 1311 703 magnum
1353 625 1588 702 accipio
1616 607 1909 701 dolorem,
1940 624 2220 686 homines

175 721 553 799 amplissimis
610 720 836 800 populi
901 721 1168 782 Romani
1231 720 1543 781 beneficiis
1597 740 1745 780 usos
1799 721 1868 782 L.
1925 721 2217 783 Pisonem

175 819 375 878 ducem
428 818 721 896 optimae
778 819 1130 878 sententiae
1185 837 1309 878 non
1368 823 1629 878 secutos,
1735 818 2050 880 Idcircone
2105 839 2218 878 nos

172 914 419 993 populus
447 914 778 975 Romanus
807 914 1091 975 consules
1128 915 1299 991 fecit,
1326 921 1403 973 ut
1438 915 1504 972 in
1534 914 1835 974 altissimo
1861 916 2059 993 gradu
2086 916 2220 994 dig·-

172 1012 369 1070 nitatis
412 1010 611 1070 locati
658 1032 793 1072 rem
833 1012 1140 1089 publicam
1183 1031 1298 1090 pro
1344 1011 1536 1070 nihilo
1578 1011 1944 1072 haberemus
1962 1014 1993 1072 ⁴?
2074 1012 2217 1071 Non

170 1108 336 1168 modo
363 1128 519 1169 voce
561 1129 757 1169 nemo
785 1109 854 1170 L.
885 1108 1101 1169 Pisoni
1127 1109 1482 1185 consulariS‚
1509 1108 1623 1169 sed
1662 1129 1743 1170 ne
1769 1108 1947 1171 vultu
1974 1109 2220 1187 quidem

171 1224 439 1264 assensus
482 1212 605 1266 est.
700 1204 897 1283 Quae,
926 1206 1192 1267 malum!
1235 1213 1333 1266 est
1361 1207 1486 1265 ista
1512 1204 1860 1266 voluntaria
1901 1206 2169 1266 servitus
2189 1207 2221 1267 ἲ

171 1301 365 1362 Fuerit
404 1303 728 1381 quaedam
770 1303 1150 1379 necessaria3
1191 1323 1394 1381 neque
1423 1322 1545 1382 ego
1586 1302 1702 1362 hoc
1729 1304 1809 1362 ab
1835 1302 2124 1385 omnibus
2142 1304 2220 1362 iis

173 1398 455 1476 desidem,
483 1400 601 1478 qui
647 1401 1025 1470 sententiam
1071 1399 1379 1460 consulari
1417 1399 1554 1459 loco
1594 1400 1843 1460 dicunt:
1888 1399 2010 1459 alia
2037 1420 2222 1459 causa

168 1495 259 1554 'est
296 1516 531 1573 eorum,
576 1516 847 1574 quorum
895 1496 1145 1557 silentio
1194 1498 1468 1575 ignoscO‚
1513 1496 1636 1556 alia
1684 1517 1917 1573 eorum,
1959 1517 2218 1574 quorum

174 1610 369 1652 vocem
410 1594 709 1671 requiro:
754 1613 910 1672 quos
937 1594 1184 1672 quidem
1225 1592 1409 1654 doleo
1453 1595 1518 1651 in
1547 1594 1959 1671 suspicionem
1986 1593 2221 1672 populo

174 1686 436 1748 Romano
463 1690 692 1750 venire
733 1710 858 1751 non
900 1691 1084 1750 modo
1126 1697 1345 1766 metus,
1378 1690 1545 1767 quod
1586 1690 1786 1768 ipsum
1817 1695 1984 1750 esset
2020 1697 2221 1767 turpe,

178 1785 275 1845 sed
298 1785 485 1845 alium
516 1787 647 1846 alia
679 1788 758 1846 de
787 1806 974 1846 causa
1000 1788 1220 1847 deesse
1247 1787 1543 1866 dignitati
1571 1806 1736 1846 suae.
1781 1812 1800 1822 2

282 1881 425 1944 VH.
474 1882 696 1957 Quare
738 1884 998 1963 primum
1039 1884 1344 1943 maximas
1385 1883 1625 1961 gratias
1666 1889 1734 1942 et
1775 1901 1897 1959 ago
1927 1886 1993 1940 et
2019 1880 2221 1940 habeo

179 1975 392 2058 Pisoni,
420 1983 532 2059 qui
561 2002 698 2042 non
726 1981 876 2059 quid
902 1981 1138 2042 efficere
1178 1990 1396 2059 posset
1424 1981 1490 2038 in
1517 1999 1584 2039 re
1622 1977 1869 2056 publica
1899 1977 2220 2055 cogitavit,

184 2076 279 2134 sed
317 2078 465 2155 quid
506 2079 719 2139 facere
759 2079 894 2158 ipse
935 2078 1221 2138 deberet:
1267 2073 1492 2137 deinde
1533 2096 1570 2133 a
1610 2074 1808 2153 vobis,
1836 2080 2046 2154 patres
2087 2094 2220 2135 con-

186 2173 397 2253 scripti,
423 2184 580 2254 peto
623 2183 721 2253 ut,
750 2176 939 2236 etiam
979 2176 1034 2235 si
1073 2175 1251 2254 sequi
1291 2175 1498 2234 minus
1541 2174 1849 2234 audebitis
1877 2173 2218 2233 orationem

189 2274 354 2346 atque
396 2275 843 2334 auctoritatem
886 2292 1104 2350 meam,
1153 2272 1428 2351 benigne
1474 2291 1574 2331 me
1621 2277 1851 2347 tamen,
1901 2276 1973 2329 ut
2020 2270 2221 2330 adhuc

189 2363 420 2445 fecistiS,
448 2370 749 2431 audiatis,

293 2463 561 2527 Primum
606 2468 805 2548 igitur
845 2473 986 2526 acta
1016 2465 1297 2526 Caesaris
1338 2466 1636 2526 servanda
1662 2484 1903 2540 cense0,
1930 2484 2056 2523 non
2095 2483 2219 2541 quo

192 2559 651 2644 probem—quis
680 2565 846 2625 enim
877 2564 943 2623 id
970 2562 1214 2641 quidem
1256 2568 1471 2639 potest
1491 2562 1713 2622 P—sed
1742 2560 1888 2639 quia
1915 2559 2219 2618 rationem

194 2651 519 2720 habendam
545 2662 819 2722 maxime
847 2661 1110 2721 arbitror
1149 2660 1319 2738 pacis
1349 2665 1537 2737 atque
1565 2658 1693 2717 otii.
1778 2655 2023 2716 Vellem
2051 2656 2223 2715 ades-

196 2758 278 2839 set
300 2753 378 2816 M.
408 2755 753 2835 Antonius,
780 2757 968 2818 modo
997 2757 1129 2817 sine
1157 2754 1686 2829 advocatis—sed,
1716 2758 1787 2810 ut
1813 2752 2046 2829 opinor,
2074 2750 2221 2811 licet

198 2848 246 2905 ei
286 2853 480 2915 minus
529 2855 763 2933 valere,
812 2855 980 2934 quod
1030 2854 1180 2912 mihi
1229 2852 1364 2913 heri
1417 2872 1531 2930 per
1583 2849 1753 2910 illum
1796 2869 1921 2908 non
1961 2848 2222 2907 licuit—

199 2943 427 3009 doceret
486 2973 592 3014 me
645 2952 746 3013 vel
790 2953 1000 3032 potius
1045 2972 1177 3028 VOS,
1226 2957 1442 3030 patres
1499 2946 1853 3025 conscripti,
1902 2965 2086 3023 quem
2140 2946 2221 3006 ad

201 3045 425 3106 modum
466 3050 605 3128 ipse
634 3047 914 3110 Caesaris
956 3055 1096 3109 acta
1137 3048 1517 3109 defenderet.
1603 3043 1708 3103 An
1749 3044 1814 3102 in
1854 3050 2221 3105 commenta-

201 3137 348 3201 riolis
375 3151 440 3204 et
465 3146 892 3225 chirographis
920 3152 988 3206 et
1030 3145 1258 3206 libellis
1297 3165 1366 3204 se
1395 3163 1521 3203 uno
1551 3147 1799 3202 auctore
1842 3141 2119 3219 prolatis,
2149 3161 2220 3201 ac

206 3251 272 3293 ne
306 3241 559 3314 prolatis
588 3244 853 3321 quidem,
882 3243 994 3303 sed
1035 3249 1281 3302 tantum
1324 3241 1510 3300 modo
1538 3240 1744 3315 dictis,
1773 3246 1912 3299 acta
1942 3239 2221 3300 Caesaris

205 3327 356 3392 firma
397 3346 609 3416 erunt3
652 3360 812 3418 quae
854 3339 961 3399 ille
1005 3339 1067 3397 in
1111 3358 1217 3398 aes
1264 3337 1499 3413 incidit,
1530 3337 1592 3395 in
1623 3356 1746 3414 quo
1789 3335 2006 3414 populi
2046 3336 2220 3415 jussa

210 3440 637 3514 perpetuasque
689 3436 864 3515 leges
919 3454 1056 3496 esse
1108 3434 1326 3510 voluit,
1368 3454 1480 3512 pro
1533 3432 1727 3491 nihilo
1779 3432 2172 3492 habebuntur
2190 3431 2220 3489 ‘t‘

210 3518 489 3600 Equidem
530 3533 817 3592 existimo
859 3532 1018 3590 nihil
1061 3538 1191 3590 tam
1236 3551 1374 3591 esse
1419 3531 1483 3588 in
1529 3530 1684 3590 actis
1715 3528 1996 3588 Caesaris
2039 3544 2221 3603 quam

216 3612 365 3696 leges
392 3625 682 3689 Caesaris,
766 3626 891 3704 An,
921 3629 975 3686 si
1000 3627 1100 3687 cui
1128 3627 1280 3704 quid
1306 3626 1411 3685 ille
1451 3626 1751 3703 promisit,
1780 3623 1844 3680 id
1874 3623 1993 3681 erit
2016 3619 2221 3694 fixum,

216 3719 359 3788 quod
397 3722 559 3785 idem
602 3746 725 3784 non
769 3726 970 3785 facere
1012 3725 1222 3803 potuit
1241 3725 1271 3785 ?
1310 3729 1384 3781 ut
1427 3722 1641 3781 multis
1684 3717 1881 3777 multa
1923 3714 2224 3795 promissa

222 3825 327 3872 non
365 3817 539 3883 fecit:
597 3842 757 3901 quae
806 3829 1016 3882 tamen
1062 3821 1261 3881 multo
1307 3819 1490 3898 plura
1537 3817 1645 3876 illo
1688 3818 1935 3873 mortuo
1976 3819 2225 3890 reperta

2265 1316 2325 1363 10

2266 1766 2444 1840 ιε’

2261 2280 2325 2327 20

2262 2764 2323 2809 25

2262 3250 2326 3295 30

2265 3736 2328 3782 35
