2725 4299
904 271 1033 320 PRO
1078 271 1337 321 ARCHIA
1382 271 1597 322 POETA
1641 271 1900 323 ORATIO.
2392 279 2469 337 55

312 433 689 512 Colophonii
731 434 924 495 civem
966 455 1106 495 esse
1149 435 1366 494 dicunt
1410 454 1607 511 suum,
1637 434 1776 494 Chii
1821 455 2003 495 suum
2029 435 2366 513 vindicant,

312 529 635 592 Salaminii
676 537 988 609 repetunt,
1029 531 1351 610 Smyrnaei
1391 551 1539 592 vero
1584 551 1761 590 suum
1804 551 1941 593 esse
1986 532 2401 621 confirmant,-

306 628 527 707 itaque
562 629 754 687 etiam
800 629 1119 688 delubrum
1164 628 1298 708 ejus
1340 628 1408 686 in
1448 628 1678 705 oppido
1718 628 2191 706 dedicaverunt3
2233 648 2368 706 per-

306 725 493 786 multi
521 725 630 784 alii
656 730 978 803 praeterea
1006 730 1295 803 pugnant
1322 725 1486 784 inter
1514 744 1582 784 se
1610 730 1801 802 atque
1829 726 2231 787 contendunt.

433 822 551 883 IX.
596 822 769 901 Ergo
797 822 891 880 illi
922 822 1210 898 alienum,
1238 821 1384 899 quia
1416 826 1604 899 poeta
1630 821 1767 897 fuit,
1793 827 1939 899 post
1966 830 2223 883 mortem
2252 824 2365 883 eti·
2390 840 2419 885 5

310 940 414 979 am
440 926 786 998 expetunt:
830 939 944 978 nos
987 918 1149 977 hunc
1176 919 1405 994 vivum,
1433 918 1537 995 qui
1566 924 1633 978 et
1659 917 1978 979 voluntate
2015 925 2082 980 et
2119 919 2366 999 legibus

308 1023 528 1076 noster
555 1022 673 1093 est,
694 1016 1152 1095 repudiabimus
1175 1016 1206 1075 Ῥ
1245 1015 1613 1093 praesertim
1641 1034 1831 1092 quum
1857 1035 2039 1075 omne
2066 1015 2213 1075 olim
2242 1022 2367 1076 stu·

309 1113 488 1172 dium
529 1120 721 1192 atque
766 1134 946 1173 omne
993 1112 1313 1191 ingenium
1356 1111 1689 1171 contulerit
1728 1110 1989 1171 Archias
2031 1113 2112 1171 ad
2152 1112 2366 1191 populi

309 1209 580 1270 Romani
606 1210 868 1289 gloriam
895 1210 1266 1287 laudemque
1302 1207 1750 1269 celebrandam.
1833 1207 1997 1269 Nam
2024 1215 2090 1269 et
2113 1208 2366 1269 Cimbri-

310 1326 413 1365 cas
443 1327 543 1366 res
571 1307 929 1368 adolescens
966 1308 1186 1385 attigit
1213 1312 1280 1366 et
1304 1305 1429 1383 ipsi
1458 1304 1550 1363 illi
1578 1304 1644 1365 C.
1675 1304 1887 1382 Mario,
1916 1307 2023 1383 qui
2049 1307 2258 1366 durior
2283 1307 2364 1365 ad
2391 1322 2454 1369 10

308 1404 466 1464 haec
511 1404 722 1463 studia
760 1404 1107 1480 videbatur,
1145 1403 1453 1482 jucundus
1503 1402 1639 1462 fuit.
1723 1401 1945 1480 Neque
1993 1404 2158 1462 enim
2205 1403 2364 1481 quis-

309 1521 497 1578 quam
541 1507 641 1560 est
683 1507 813 1559 tam
856 1520 1109 1560 aversus
1139 1521 1175 1559 a
1203 1498 1429 1575 MusiS,
1459 1499 1566 1577 qui
1609 1519 1731 1558 non
1776 1499 2045 1558 mandari
2087 1500 2362 1560 versibus

309 1603 637 1658 aeternum
658 1618 902 1656 suorum
924 1597 1201 1656 laborum
1222 1597 1618 1674 praeconium
1642 1595 1819 1655 facile
1839 1597 2126 1674 patiatur.
2210 1595 2364 1655 The-

309 1694 662 1754 mistoclem
710 1693 900 1770 illum,
949 1714 1256 1753 summum
1305 1693 1580 1754 Athenis
1629 1693 1843 1768 virum,
1891 1693 2120 1752 dixisse
2167 1693 2361 1768 aiunt,

309 1813 504 1870 quum
549 1811 629 1852 ex
671 1811 749 1852 eo
792 1799 1204 1870 quaereretur,
1242 1792 1408 1870 quod
1453 1811 1736 1851 acroama
1781 1797 1889 1848 aut
1933 1790 2110 1869 cujus
2149 1810 2360 1850 vocem
2390 1806 2450 1853 15

308 1889 720 1949 libentissime
762 1888 1042 1949 audiret:
1086 1888 1231 1967 qius,
1267 1907 1310 1947 α
1350 1906 1477 1966 quo
1518 1907 1638 1947 sua
1679 1887 1882 1945 virt-us
1925 1886 2155 1962 optime
2181 1904 2364 1963 prae-

311 1985 649 2045 dicaretur.
735 1985 956 2063 Itaque
998 1984 1102 2045 ille
1147 1985 1380 2044 Marius
1421 1985 1574 2044 item
1609 1984 1834 2044 eximie
1877 1983 1947 2043 L
1979 1981 2252 2041 Plotium
2279 1984 2364 2042 di-

288 2076 487 2161 ]exit,
529 2083 703 2164 cujus
742 2083 996 2163 ingenio
1038 2083 1304 2162 putabat
1350 2102 1428 2143 ea
1468 2102 1627 2161 quae
1670 2084 1938 2163 gesserit
1984 2101 2168 2161 posse
2210 2082 2363 2144 cele-

309 2180 490 2242 brari.

432 2277 924 2339 Mithridaticum
953 2300 1101 2340 vero
1129 2279 1381 2356 bellum,
1403 2299 1690 2357 magnum
1719 2286 1907 2358 atque
1937 2281 2176 2342 difficile
2205 2290 2272 2343 et
2297 2283 2359 2340 in
2387 2290 2452 2337 20

310 2374 511 2434 multa
538 2377 842 2436 varietate
884 2383 1051 2436 terra
1093 2378 1368 2455 marique
1402 2383 1727 2454 versatum,
1755 2384 1956 2437 totum
2000 2379 2079 2438 ab
2118 2380 2235 2440 hoc
2262 2401 2363 2440 ex-

309 2491 593 2549 pressum
621 2478 757 2548 est3
799 2473 906 2550 qui
947 2472 1087 2532 libri
1115 2494 1240 2533 non
1272 2475 1460 2533 modo
1487 2473 1554 2534 L.
1586 2469 1929 2552 Lucullum,
1959 2477 2360 2537 fortissimum

312 2575 379 2628 et
420 2568 817 2629 clarissimum
844 2571 1064 2648 virum,
1092 2590 1303 2632 verum
1344 2572 1535 2631 etiam
1580 2572 1795 2651 populi
1836 2573 2099 2633 Romani
2139 2595 2361 2635 nomen

310 2665 643 2727 illustrant.
748 2666 1024 2746 Populus
1072 2669 1237 2727 enim
1284 2669 1600 2728 Romanus
1657 2672 1898 2749 aperuit
1953 2671 2210 2731 Lucullo
2255 2671 2363 2730 im-

308 2770 570 2841 perante
615 2763 905 2841 Pontum,
934 2771 1002 2825 et
1027 2766 1217 2844 regiis
1245 2767 1556 2843 quondam
1603 2766 1824 2844 opibus
1856 2774 1922 2828 et
1966 2769 2104 2846 ipsa
2142 2774 2360 2828 natura
2386 2775 2448 2822 25

311 2866 378 2921 et
404 2861 659 2940 regione
685 2863 1023 2939 vallatum3
1065 2862 1278 2942 populi
1320 2864 1584 2924 Romani
1613 2866 1919 2925 exercitus
1959 2866 2177 2926 eodem
2205 2866 2359 2927 duce

309 2976 436 3019 non
462 2959 730 3019 maxima
748 2981 936 3019 manu
960 2961 1436 3022 innumerabiles
1461 2960 1896 3023 Armeniorum
1919 2964 2130 3043 copias
2158 2964 2321 3023 fudit
2341 2985 2358 3040 3

309 3056 524 3135 populi
564 3056 829 3117 Romani
872 3058 1008 3118 laus
1049 3067 1167 3137 est,
1196 3062 1414 3149 urbem
1458 3063 1891 3121 amicissimam
1919 3061 2358 3142 Cyzicenorum

311 3153 589 3233 ejusdem
617 3154 874 3215 consilio
916 3175 995 3216 ex
1022 3158 1186 3216 omni
1229 3159 1466 3237 impetu
1502 3160 1676 3238 regio
1703 3165 1889 3238 atque
1918 3180 1954 3219 e
1981 3161 2173 3220 totius
2213 3159 2361 3220 belli

312 3271 418 3311 ore
439 3271 512 3309 ac
534 3251 808 3311 faucibus
829 3262 1107 3331 ereptam
1136 3275 1274 3315 esse
1297 3262 1483 3334 atque
1506 3264 1807 3316 servatam
1830 3278 1847 3334 ;
1887 3265 2096 3317 nostra
2117 3276 2360 3334 semper
2384 3262 2450 3309 30

310 3349 545 3408 feretur
584 3355 649 3407 et
676 3351 1132 3426 praedicabitur
1158 3352 1228 3413 L.
1261 3352 1524 3414 Lucullo
1565 3354 1919 3431 dimicante,
1949 3375 2135 3433 quum
2178 3354 2360 3413 inter·

310 3445 489 3505 fectis
517 3445 773 3506 ducibus
795 3448 1089 3527 depressa
1117 3449 1386 3509 hostium
1411 3450 1626 3510 classis
1650 3457 1766 3528 est,
1789 3452 2166 3511 incredibilis
2194 3450 2359 3526 apud

311 3542 631 3603 Tenedum
672 3567 886 3625 pugna
926 3547 1034 3606 illa
1078 3547 1354 3624 navalis3
1396 3554 1608 3608 nostra
1649 3555 1794 3607 sunt
1835 3556 2110 3626 tropaea,
2149 3551 2359 3603 nostra

311 3648 732 3719 monumenta,
754 3643 951 3702 nostri
976 3643 1270 3722 triumphi
1293 3664 1308 3704 z
1353 3664 1509 3722 quae
1532 3664 1790 3722 quorum
1816 3642 2085 3720 ingeniis
2107 3640 2359 3699 efferun-

312 3742 431 3814 tur,
453 3738 533 3798 ab
561 3738 639 3797 iis
667 3739 886 3817 populi
913 3738 1178 3799 Romani
1205 3741 1370 3799 fama
1397 3741 1756 3800 celebratur.
1843 3738 2035 3797 Carus
2060 3735 2178 3794 fuit
2196 3733 2358 3794 Afri·
2382 3746 2445 3793 36

315 3851 469 3894 cano
522 3835 819 3913 superiori
872 3842 1086 3896 noster
1139 3835 1397 3911 EnniuS,
1442 3837 1654 3911 itaque
1711 3834 1898 3904 etiam
1954 3833 2020 3891 in
2076 3830 2356 3908 sepulcro
