2725 4299
1059 950 1143 1015 M.
1200 946 1491 1012 TULLII
1546 938 2000 1009 CICERONIS

1472 1120 1590 1164 PRO

561 1278 1172 1390 REGE
1314 1197 2513 1379 DEIOTARO

966 1544 1328 1614 ORATIO
1389 1541 1527 1608 AD
1591 1534 2116 1606 CAESAREM.

637 1884 686 1946 L
732 1882 937 1958 Qmm
963 1883 1030 1941 in
1051 1879 1332 1941 omnibus
1352 1875 1551 1936 causis
1578 1871 1982 1954 gravioribuS,
2011 1869 2079 1931 G.
2104 1868 2350 1945 Caesar,
2374 1869 2563 1929 initio

518 1983 761 2043 dicendi
801 1978 1171 2041 commoveri
1210 1975 1442 2036 soleam
1476 1970 1923 2045 vehementiuS,
1952 1987 2138 2045 quam
2164 1966 2421 2027 videtur
2459 1964 2564 2028 vel

517 2101 667 2140 usus
707 2077 807 2139 vel
853 2083 1027 2136 aetas
1075 2095 1211 2134 mea
1256 2071 1593 2153 postulare,
1637 2078 1771 2128 tum
1818 2068 1884 2124 in
1925 2065 2041 2123 hac
2086 2083 2272 2124 causa
2318 2064 2415 2122 ita
2459 2082 2564 2124 me

520 2177 713 2235 multa
739 2174 1123 2252 perturbant,
1152 2178 1242 2246 ut,
1264 2177 1564 2249 quantum
1591 2187 1732 2228 mea
1757 2165 1911 2225 fides
1939 2163 2130 2223 studii
2154 2162 2310 2221 mihi
2337 2164 2565 2223 afferat
2639 2236 2643 2240 Α
2703 2170 2705 2179 “

463 2293 491 2336 5
519 2273 600 2332 ad
629 2271 885 2330 salutem
927 2269 1092 2347 regis
1132 2268 1413 2327 Deiotari
1453 2266 1920 2340 defendendam,
1949 2268 2195 2322 tantum
2235 2263 2561 2322 facultatis

517 2370 701 2428 timor
726 2365 1025 2426 detrahat.
1110 2363 1384 2422 Primum
1415 2364 1552 2423 dico
1576 2382 1688 2442 pro
1717 2363 1921 2441 capite
1951 2363 2336 2441 fortunisque
2363 2364 2562 2443 regis,

519 2466 684 2544 quod
709 2466 912 2543 ipsum
938 2463 1058 2522 etsi
1085 2481 1208 2521 non
1245 2462 1523 2539 iniquum
1550 2466 1650 2520 est
1674 2461 1740 2518 in
1767 2467 1879 2520 tuo
1908 2462 2237 2520 dumtaxat
2262 2461 2563 2540 periculO,

518 2574 726 2623 tamen
755 2568 854 2622 est
877 2562 968 2619 ita
1005 2561 1374 2618 inusitatum
1407 2579 1617 2637 regem
1656 2579 1828 2619 reum
1859 2562 2079 2640 capitis
2111 2582 2269 2638 esse,
2296 2568 2370 2620 ut
2412 2564 2565 2619 ante

518 2662 634 2721 hoc
675 2668 925 2738 tempus
966 2678 1090 2718 non
1133 2658 1218 2716 sit
1260 2657 1557 2716 auditum.
1645 2660 1887 2721 Deinde
1930 2683 2070 2723 eum
2109 2683 2345 2742 regem,
2372 2682 2563 2741 quem

436 2777 496 2824 10
520 2780 734 2819 ornare
761 2764 947 2817 antea
974 2761 1195 2814 cuncto
1222 2774 1360 2813 cum
1389 2768 1607 2815 senatu
1635 2758 1911 2819 solebam
1936 2780 2048 2839 pro
2075 2761 2394 2838 perpetuis
2425 2760 2563 2839 ejus

521 2859 585 2915 in
613 2862 886 2915 nostram
913 2874 1040 2913 rem
1067 2851 1375 2931 publicam
1400 2855 1653 2932 meritis,
1675 2877 1840 2916 nunc
1870 2864 2083 2917 contra
2109 2857 2564 2916 atrocissimum

522 2954 752 3011 crimen
793 2969 978 3028 cogor
1004 2949 1352 3011 defendere.
1441 2951 1702 3014 Accedit
1737 2960 1809 3013 ut
1838 2960 2261 3015 accusatorum
2303 2953 2564 3014 alterius

521 3047 900 3123 crudelitate,
929 3045 1177 3106 alterius
1219 3049 1590 3129 indignitate
1630 3051 1972 3112 conturber.
2058 3051 2387 3112 Crudelem
2417 3049 2565 3110 Cas-

524 3151 738 3220 torem,
764 3163 844 3202 ne
873 3143 1073 3201 dicam
1114 3145 1482 3206 sceleratum
1512 3155 1578 3208 et
1604 3147 1881 3225 impium,
1912 3148 2018 3226 qui
2044 3167 2240 3225 nepos
2267 3167 2455 3208 avum
2495 3148 2564 3205 in

437 3260 496 3306 15
524 3241 745 3319 capitis
772 3240 1094 3299 discrimen
1127 3243 1457 3304 adduxerit
1485 3244 2057 3323 adolescentiaeque
2085 3265 2233 3304 suae
2260 3255 2561 3304 terrorem

506 3338 808 3398 intulerit
835 3338 914 3414 ei,
943 3340 1120 3419 cujus
1147 3348 1530 3402 senectutem
1557 3342 1720 3401 tueri
1749 3348 1815 3402 et
1841 3349 2057 3421 tegere
2085 3341 2376 3417 debebat,
2405 3361 2564 3400 com·

523 3436 1096 3516 mendationemque
1138 3438 1413 3498 ineuntis
1458 3439 1685 3499 aetatis
1728 3440 1809 3499 ab
1852 3439 2174 3516 impietate
2220 3444 2287 3497 et
2328 3437 2561 3498 scelere

522 3535 805 3609 duxerit3
862 3533 963 3594 avi
1010 3554 1252 3595 servum
1297 3542 1650 3613 corruptum
1696 3536 1983 3613 praemiis
2024 3535 2103 3593 ad
2148 3534 2562 3593 accusandum

523 3633 833 3691 dominum
863 3630 1197 3709 impulerit,
1226 3651 1262 3689 a
1289 3631 1630 3710 legatorum
1659 3632 1920 3709 pedibus
1946 3631 2290 3690 abduxerit.
2375 3630 2564 3709 Fugi-

435 3743 497 3788 20
522 3729 638 3789 tivi
682 3735 887 3789 autem
924 3728 1234 3787 dominum
1280 3728 1641 3803 accusantiS,
1670 3736 1736 3787 et
1775 3728 2087 3787 dominum
2126 3727 2453 3786 absentem
2500 3734 2564 3787 et

523 3825 834 3883 dominum
863 3824 1298 3882 amicissimum
1338 3829 1584 3881 nostrae
1613 3825 1702 3881 rei
1742 3823 2043 3901 publicae,
2070 3843 2259 3901 quum
2298 3843 2371 3883 os
2398 3824 2542 3884 vide
