<?xml version="1.0" encoding="UTF-8"?>
<!DOCTYPE html PUBLIC "-//W3C//DTD XHTML 1.0 Transitional//EN"
    "http://www.w3.org/TR/xhtml1/DTD/xhtml1-transitional.dtd">
<html xmlns="http://www.w3.org/1999/xhtml" xml:lang="en" lang="en">
 <head>
  <title>
</title>
<meta http-equiv="Content-Type" content="text/html;charset=utf-8" />
  <meta name='ocr-system' content='tesseract 3.04.00' />
  <meta name='ocr-capabilities' content='ocr_page ocr_carea ocr_par ocr_line ocrx_word'/>
</head>
<body>
  <div class='ocr_page' id='page_1' title='image "./selectorationsm02harkgoog_0057.png"; bbox 0 0 2725 4299; ppageno 0'>
   <div class='ocr_carea' id='block_1_1' title="bbox 765 294 1845 347">
    <p class='ocr_par' dir='ltr' id='par_1_1' title="bbox 765 294 1845 347">
     <span class='ocr_line' id='line_1_1' title="bbox 765 294 1845 347; baseline 0.003 -3"><span class='ocrx_word' id='word_1_1' title='bbox 765 294 841 344; x_wconf 86' lang='lat' dir='ltr'><strong>IN</strong></span> <span class='ocrx_word' id='word_1_2' title='bbox 885 294 1255 346; x_wconf 81' lang='lat' dir='ltr'>CATILINAM</span> <span class='ocrx_word' id='word_1_3' title='bbox 1300 296 1545 346; x_wconf 84' lang='lat' dir='ltr'><strong>ORATIO</strong></span> <span class='ocrx_word' id='word_1_4' title='bbox 1591 297 1845 347; x_wconf 83' lang='lat' dir='ltr'>TERTIA.</span> 
     </span>
    </p>
   </div>
   <div class='ocr_carea' id='block_1_2' title="bbox 212 458 2265 3250">
    <p class='ocr_par' dir='ltr' id='par_1_2' title="bbox 212 458 2264 826">
     <span class='ocr_line' id='line_1_2' title="bbox 212 458 2264 539; baseline 0.001 -22"><span class='ocrx_word' id='word_1_5' title='bbox 212 458 432 520; x_wconf 88' lang='lat' dir='ltr'><strong>hostes</strong></span> <span class='ocrx_word' id='word_1_6' title='bbox 459 458 650 519; x_wconf 89' lang='lat' dir='ltr'><strong>vestri</strong></span> <span class='ocrx_word' id='word_1_7' title='bbox 677 464 923 518; x_wconf 82' lang='lat' dir='ltr'><strong>tantum</strong></span> <span class='ocrx_word' id='word_1_8' title='bbox 949 459 1176 520; x_wconf 90' lang='lat' dir='ltr'><strong>civium</strong></span> <span class='ocrx_word' id='word_1_9' title='bbox 1205 460 1666 537; x_wconf 87' lang='lat' dir='ltr'><strong>superfuturum</strong></span> <span class='ocrx_word' id='word_1_10' title='bbox 1705 466 2048 537; x_wconf 89' lang='lat' dir='ltr'><strong>putassent,</strong></span> <span class='ocrx_word' id='word_1_11' title='bbox 2078 480 2264 539; x_wconf 80' lang='lat' dir='ltr'><strong>quan-</strong></span> 
     </span>
     <span class='ocr_line' id='line_1_3' title="bbox 213 555 2263 635; baseline 0.002 -22"><span class='ocrx_word' id='word_1_12' title='bbox 213 561 353 614; x_wconf 89' lang='lat' dir='ltr'><strong>tum</strong></span> <span class='ocrx_word' id='word_1_13' title='bbox 379 555 661 615; x_wconf 86' lang='lat' dir='ltr'><strong>infinitae</strong></span> <span class='ocrx_word' id='word_1_14' title='bbox 681 555 857 616; x_wconf 87' lang='lat' dir='ltr'><strong>caedi</strong></span> <span class='ocrx_word' id='word_1_15' title='bbox 873 556 1227 631; x_wconf 77' lang='lat' dir='ltr'><strong>restitisset,</strong></span> <span class='ocrx_word' id='word_1_16' title='bbox 1249 561 1497 614; x_wconf 90' lang='lat' dir='ltr'><strong>tantum</strong></span> <span class='ocrx_word' id='word_1_17' title='bbox 1523 562 1732 616; x_wconf 90' lang='lat' dir='ltr'><strong>autem</strong></span> <span class='ocrx_word' id='word_1_18' title='bbox 1753 556 1940 633; x_wconf 77' lang='lat' dir='ltr'><strong>urbiS,</strong></span> <span class='ocrx_word' id='word_1_19' title='bbox 1962 563 2263 635; x_wconf 88' lang='lat' dir='ltr'><strong>quantum</strong></span> 
     </span>
     <span class='ocr_line' id='line_1_4' title="bbox 214 651 2263 733; baseline 0.001 -22"><span class='ocrx_word' id='word_1_20' title='bbox 214 651 463 711; x_wconf 84' lang='lat' dir='ltr'><strong>flamma</strong></span> <span class='ocrx_word' id='word_1_21' title='bbox 509 652 682 712; x_wconf 91' lang='lat' dir='ltr'><strong>obire</strong></span> <span class='ocrx_word' id='word_1_22' title='bbox 730 672 856 711; x_wconf 91' lang='lat' dir='ltr'><strong>non</strong></span> <span class='ocrx_word' id='word_1_23' title='bbox 903 652 1231 731; x_wconf 87' lang='lat' dir='ltr'><strong>potuisset,</strong></span> <span class='ocrx_word' id='word_1_24' title='bbox 1279 658 1346 711; x_wconf 87' lang='lat' dir='ltr'><strong>et</strong></span> <span class='ocrx_word' id='word_1_25' title='bbox 1397 652 1611 712; x_wconf 89' lang='lat' dir='ltr'><strong>urbem</strong></span> <span class='ocrx_word' id='word_1_26' title='bbox 1659 658 1726 712; x_wconf 86' lang='lat' dir='ltr'><strong>et</strong></span> <span class='ocrx_word' id='word_1_27' title='bbox 1770 652 1937 713; x_wconf 86' lang='lat' dir='ltr'><strong>cives</strong></span> <span class='ocrx_word' id='word_1_28' title='bbox 1983 653 2263 733; x_wconf 83' lang='lat' dir='ltr'><strong>integros</strong></span> 
     </span>
     <span class='ocr_line' id='line_1_5' title="bbox 214 747 973 826; baseline 0.004 -20"><span class='ocrx_word' id='word_1_29' title='bbox 214 747 683 826; x_wconf 81' lang='lat' dir='ltr'><strong>incolumesque</strong></span> <span class='ocrx_word' id='word_1_30' title='bbox 713 749 973 809; x_wconf 86' lang='lat' dir='ltr'><strong>servavi.</strong></span> 
     </span>
    </p>

    <p class='ocr_par' dir='ltr' id='par_1_3' title="bbox 212 843 2265 2361">
     <span class='ocr_line' id='line_1_6' title="bbox 339 843 2262 926; baseline 0.003 -24"><span class='ocrx_word' id='word_1_31' title='bbox 339 845 456 905; x_wconf 90' lang='lat' dir='ltr'><strong>XI.</strong></span> <span class='ocrx_word' id='word_1_32' title='bbox 501 843 742 918; x_wconf 84' lang='lat' dir='ltr'><strong>Quibus</strong></span> <span class='ocrx_word' id='word_1_33' title='bbox 787 865 900 922; x_wconf 90' lang='lat' dir='ltr'><strong>pro</strong></span> <span class='ocrx_word' id='word_1_34' title='bbox 948 845 1144 903; x_wconf 86' lang='lat' dir='ltr'><strong>tantis</strong></span> <span class='ocrx_word' id='word_1_35' title='bbox 1190 846 1393 924; x_wconf 78' lang='lat' dir='ltr'><strong>rebus,</strong></span> <span class='ocrx_word' id='word_1_36' title='bbox 1436 843 1730 923; x_wconf 78' lang='lat' dir='ltr'><strong>QuiriteS,</strong></span> <span class='ocrx_word' id='word_1_37' title='bbox 1772 846 2008 904; x_wconf 84' lang='lat' dir='ltr'><strong>nullum</strong></span> <span class='ocrx_word' id='word_1_38' title='bbox 2054 866 2176 926; x_wconf 88' lang='lat' dir='ltr'><strong>ego</strong></span> <span class='ocrx_word' id='word_1_39' title='bbox 2224 867 2262 906; x_wconf 87' lang='lat' dir='ltr'><strong>a</strong></span> 
     </span>
     <span class='ocr_line' id='line_1_7' title="bbox 214 941 2263 1023; baseline -0.001 -19"><span class='ocrx_word' id='word_1_40' title='bbox 214 942 398 1004; x_wconf 88' lang='lat' dir='ltr'><strong>vobis</strong></span> <span class='ocrx_word' id='word_1_41' title='bbox 444 941 784 1020; x_wconf 82' lang='lat' dir='ltr'><strong>praemium</strong></span> <span class='ocrx_word' id='word_1_42' title='bbox 831 941 1101 1019; x_wconf 82' lang='lat' dir='ltr'><strong>virtutiS,</strong></span> <span class='ocrx_word' id='word_1_43' title='bbox 1153 942 1390 1001; x_wconf 89' lang='lat' dir='ltr'><strong>nullum</strong></span> <span class='ocrx_word' id='word_1_44' title='bbox 1437 943 1683 1023; x_wconf 85' lang='lat' dir='ltr'><strong>insigne</strong></span> <span class='ocrx_word' id='word_1_45' title='bbox 1728 942 1995 1019; x_wconf 83' lang='lat' dir='ltr'><strong>honoriS,</strong></span> <span class='ocrx_word' id='word_1_46' title='bbox 2030 943 2263 1002; x_wconf 88' lang='lat' dir='ltr'><strong>nullum</strong></span> 
     </span>
     <span class='ocr_line' id='line_1_8' title="bbox 212 1038 2265 1120; baseline 0.002 -23"><span class='ocrx_word' id='word_1_47' title='bbox 212 1045 687 1099; x_wconf 85' lang='lat' dir='ltr'><strong>monumentum</strong></span> <span class='ocrx_word' id='word_1_48' title='bbox 713 1038 917 1098; x_wconf 90' lang='lat' dir='ltr'><strong>laudis</strong></span> <span class='ocrx_word' id='word_1_49' title='bbox 942 1039 1192 1118; x_wconf 91' lang='lat' dir='ltr'><strong>postulo</strong></span> <span class='ocrx_word' id='word_1_50' title='bbox 1220 1047 1653 1119; x_wconf 80' lang='lat' dir='ltr'><strong>praeterquam</strong></span> <span class='ocrx_word' id='word_1_51' title='bbox 1677 1040 1865 1120; x_wconf 85' lang='lat' dir='ltr'><strong>hujus</strong></span> <span class='ocrx_word' id='word_1_52' title='bbox 1891 1040 2018 1100; x_wconf 90' lang='lat' dir='ltr'><strong>diei</strong></span> <span class='ocrx_word' id='word_1_53' title='bbox 2043 1060 2265 1101; x_wconf 90' lang='lat' dir='ltr'><strong>memo·</strong></span> 
     </span>
     <span class='ocr_line' id='line_1_9' title="bbox 213 1136 2264 1217; baseline 0.002 -22"><span class='ocrx_word' id='word_1_54' title='bbox 213 1137 374 1195; x_wconf 90' lang='lat' dir='ltr'><strong>riam</strong></span> <span class='ocrx_word' id='word_1_55' title='bbox 403 1136 855 1215; x_wconf 85' lang='lat' dir='ltr'><strong>sempiternam.</strong></span> <span class='ocrx_word' id='word_1_56' title='bbox 940 1136 1016 1195; x_wconf 90' lang='lat' dir='ltr'><strong>In</strong></span> <span class='ocrx_word' id='word_1_57' title='bbox 1038 1137 1258 1196; x_wconf 88' lang='lat' dir='ltr'><strong>animis</strong></span> <span class='ocrx_word' id='word_1_58' title='bbox 1286 1158 1410 1217; x_wconf 86' lang='lat' dir='ltr'><strong>ego</strong></span> <span class='ocrx_word' id='word_1_59' title='bbox 1437 1138 1662 1198; x_wconf 90' lang='lat' dir='ltr'><strong>vestris</strong></span> <span class='ocrx_word' id='word_1_60' title='bbox 1681 1158 1896 1198; x_wconf 89' lang='lat' dir='ltr'><strong>omnes</strong></span> <span class='ocrx_word' id='word_1_61' title='bbox 1922 1138 2264 1216; x_wconf 89' lang='lat' dir='ltr'><strong>triumphos</strong></span> 
     </span>
     <span class='ocr_line' id='line_1_10' title="bbox 213 1233 2263 1313; baseline 0.002 -23"><span class='ocrx_word' id='word_1_62' title='bbox 213 1252 413 1309; x_wconf 83' lang='lat' dir='ltr'><strong>meoS,</strong></span> <span class='ocrx_word' id='word_1_63' title='bbox 442 1233 650 1292; x_wconf 88' lang='lat' dir='ltr'><strong>omnia</strong></span> <span class='ocrx_word' id='word_1_64' title='bbox 675 1240 1036 1293; x_wconf 90' lang='lat' dir='ltr'><strong>ornamenta</strong></span> <span class='ocrx_word' id='word_1_65' title='bbox 1061 1233 1328 1311; x_wconf 79' lang='lat' dir='ltr'><strong>honoriS,</strong></span> <span class='ocrx_word' id='word_1_66' title='bbox 1357 1242 1754 1296; x_wconf 89' lang='lat' dir='ltr'><strong>monumenta</strong></span> <span class='ocrx_word' id='word_1_67' title='bbox 1779 1235 2031 1313; x_wconf 88' lang='lat' dir='ltr'><strong>gloriae,</strong></span> <span class='ocrx_word' id='word_1_68' title='bbox 2058 1234 2263 1294; x_wconf 88' lang='lat' dir='ltr'><strong>laudis</strong></span> 
     </span>
     <span class='ocr_line' id='line_1_11' title="bbox 216 1329 2263 1412; baseline 0.002 -24"><span class='ocrx_word' id='word_1_69' title='bbox 216 1329 494 1408; x_wconf 83' lang='lat' dir='ltr'><strong>insignia</strong></span> <span class='ocrx_word' id='word_1_70' title='bbox 512 1330 777 1406; x_wconf 80' lang='lat' dir='ltr'><strong>condiet</strong></span> <span class='ocrx_word' id='word_1_71' title='bbox 792 1330 1075 1391; x_wconf 91' lang='lat' dir='ltr'><strong>collocari</strong></span> <span class='ocrx_word' id='word_1_72' title='bbox 1102 1331 1262 1391; x_wconf 80' lang='lat' dir='ltr'><strong>volo·</strong></span> <span class='ocrx_word' id='word_1_73' title='bbox 1346 1332 1523 1392; x_wconf 90' lang='lat' dir='ltr'><strong>Nihil</strong></span> <span class='ocrx_word' id='word_1_74' title='bbox 1546 1353 1643 1393; x_wconf 91' lang='lat' dir='ltr'><strong>me</strong></span> <span class='ocrx_word' id='word_1_75' title='bbox 1662 1340 1904 1392; x_wconf 86' lang='lat' dir='ltr'><strong>mutum</strong></span> <span class='ocrx_word' id='word_1_76' title='bbox 1923 1339 2135 1412; x_wconf 87' lang='lat' dir='ltr'><strong>potest</strong></span> <span class='ocrx_word' id='word_1_77' title='bbox 2161 1333 2263 1393; x_wconf 88' lang='lat' dir='ltr'><strong>de-</strong></span> 
     </span>
     <span class='ocr_line' id='line_1_12' title="bbox 216 1425 2263 1511; baseline 0.001 -25"><span class='ocrx_word' id='word_1_78' title='bbox 216 1425 470 1502; x_wconf 88' lang='lat' dir='ltr'><strong>lectare,</strong></span> <span class='ocrx_word' id='word_1_79' title='bbox 498 1426 653 1485; x_wconf 91' lang='lat' dir='ltr'><strong>nihil</strong></span> <span class='ocrx_word' id='word_1_80' title='bbox 694 1428 976 1504; x_wconf 87' lang='lat' dir='ltr'><strong>tacitum,</strong></span> <span class='ocrx_word' id='word_1_81' title='bbox 1004 1427 1160 1487; x_wconf 89' lang='lat' dir='ltr'><strong>nihil</strong></span> <span class='ocrx_word' id='word_1_82' title='bbox 1190 1429 1458 1508; x_wconf 89' lang='lat' dir='ltr'><strong>denique</strong></span> <span class='ocrx_word' id='word_1_83' title='bbox 1486 1431 1623 1511; x_wconf 88' lang='lat' dir='ltr'><strong>ejus</strong></span> <span class='ocrx_word' id='word_1_84' title='bbox 1661 1431 1849 1507; x_wconf 90' lang='lat' dir='ltr'><strong>modi,</strong></span> <span class='ocrx_word' id='word_1_85' title='bbox 1878 1431 2044 1509; x_wconf 91' lang='lat' dir='ltr'><strong>quod</strong></span> <span class='ocrx_word' id='word_1_86' title='bbox 2071 1430 2263 1491; x_wconf 88' lang='lat' dir='ltr'><strong>etiam</strong></span> 
     </span>
     <span class='ocr_line' id='line_1_13' title="bbox 216 1523 2264 1603; baseline 0.001 -22"><span class='ocrx_word' id='word_1_87' title='bbox 216 1524 428 1581; x_wconf 88' lang='lat' dir='ltr'><strong>minus</strong></span> <span class='ocrx_word' id='word_1_88' title='bbox 455 1523 633 1602; x_wconf 83' lang='lat' dir='ltr'><strong>digni</strong></span> <span class='ocrx_word' id='word_1_89' title='bbox 659 1525 906 1602; x_wconf 82' lang='lat' dir='ltr'><strong>assequi</strong></span> <span class='ocrx_word' id='word_1_90' title='bbox 926 1525 1184 1602; x_wconf 87' lang='lat' dir='ltr'><strong>possint.</strong></span> <span class='ocrx_word' id='word_1_91' title='bbox 1268 1526 1568 1586; x_wconf 86' lang='lat' dir='ltr'><strong>Memoria</strong></span> <span class='ocrx_word' id='word_1_92' title='bbox 1594 1534 1820 1603; x_wconf 89' lang='lat' dir='ltr'><strong>vestra,</strong></span> <span class='ocrx_word' id='word_1_93' title='bbox 1843 1526 2136 1603; x_wconf 81' lang='lat' dir='ltr'><strong>QuiriteS,</strong></span> <span class='ocrx_word' id='word_1_94' title='bbox 2166 1546 2264 1587; x_wconf 90' lang='lat' dir='ltr'><strong>res</strong></span> 
     </span>
     <span class='ocr_line' id='line_1_14' title="bbox 217 1621 2264 1699; baseline 0.001 -20"><span class='ocrx_word' id='word_1_95' title='bbox 217 1627 474 1681; x_wconf 90' lang='lat' dir='ltr'><strong>nostrae</strong></span> <span class='ocrx_word' id='word_1_96' title='bbox 502 1621 763 1696; x_wconf 85' lang='lat' dir='ltr'><strong>alentur,</strong></span> <span class='ocrx_word' id='word_1_97' title='bbox 793 1622 1176 1681; x_wconf 88' lang='lat' dir='ltr'><strong>sermonibus</strong></span> <span class='ocrx_word' id='word_1_98' title='bbox 1216 1630 1511 1699; x_wconf 88' lang='lat' dir='ltr'><strong>crescent,</strong></span> <span class='ocrx_word' id='word_1_99' title='bbox 1540 1624 1887 1685; x_wconf 87' lang='lat' dir='ltr'><strong>litterarum</strong></span> <span class='ocrx_word' id='word_1_100' title='bbox 1913 1644 2264 1683; x_wconf 90' lang='lat' dir='ltr'><strong>monumen-</strong></span> 
     </span>
     <span class='ocr_line' id='line_1_15' title="bbox 217 1717 2265 1798; baseline 0 -22"><span class='ocrx_word' id='word_1_101' title='bbox 217 1718 304 1776; x_wconf 91' lang='lat' dir='ltr'><strong>tis</strong></span> <span class='ocrx_word' id='word_1_102' title='bbox 322 1717 774 1777; x_wconf 87' lang='lat' dir='ltr'><strong>inveterascent</strong></span> <span class='ocrx_word' id='word_1_103' title='bbox 796 1723 861 1776; x_wconf 89' lang='lat' dir='ltr'><strong>et</strong></span> <span class='ocrx_word' id='word_1_104' title='bbox 881 1718 1434 1778; x_wconf 88' lang='lat' dir='ltr'><strong>corroborabuntur</strong></span> <span class='ocrx_word' id='word_1_105' title='bbox 1453 1740 1472 1796; x_wconf 83' lang='lat'><em>3</em></span> <span class='ocrx_word' id='word_1_106' title='bbox 1500 1721 1881 1798; x_wconf 87' lang='lat' dir='ltr'><strong>eandemque</strong></span> <span class='ocrx_word' id='word_1_107' title='bbox 1908 1721 2072 1780; x_wconf 90' lang='lat' dir='ltr'><strong>diem</strong></span> <span class='ocrx_word' id='word_1_108' title='bbox 2088 1719 2265 1779; x_wconf 90' lang='lat' dir='ltr'><strong>intel-</strong></span> 
     </span>
     <span class='ocr_line' id='line_1_16' title="bbox 217 1813 2262 1896; baseline 0.001 -23"><span class='ocrx_word' id='word_1_109' title='bbox 217 1813 372 1893; x_wconf 84' lang='lat' dir='ltr'><strong>ligo,</strong></span> <span class='ocrx_word' id='word_1_110' title='bbox 421 1834 607 1892; x_wconf 90' lang='lat' dir='ltr'><strong>quam</strong></span> <span class='ocrx_word' id='word_1_111' title='bbox 655 1834 834 1893; x_wconf 90' lang='lat' dir='ltr'><strong>spero</strong></span> <span class='ocrx_word' id='word_1_112' title='bbox 883 1821 1200 1875; x_wconf 87' lang='lat' dir='ltr'><strong>aeternam</strong></span> <span class='ocrx_word' id='word_1_113' title='bbox 1241 1816 1394 1890; x_wconf 78' lang='lat' dir='ltr'><strong>fore,</strong></span> <span class='ocrx_word' id='word_1_114' title='bbox 1440 1823 1850 1896; x_wconf 86' lang='lat' dir='ltr'><strong>propagatam</strong></span> <span class='ocrx_word' id='word_1_115' title='bbox 1899 1836 2035 1877; x_wconf 89' lang='lat' dir='ltr'><strong>esse</strong></span> <span class='ocrx_word' id='word_1_116' title='bbox 2072 1822 2139 1877; x_wconf 91' lang='lat' dir='ltr'><strong>et</strong></span> <span class='ocrx_word' id='word_1_117' title='bbox 2180 1815 2262 1875; x_wconf 87' lang='lat' dir='ltr'><strong>ad</strong></span> 
     </span>
     <span class='ocr_line' id='line_1_17' title="bbox 219 1911 2261 1990; baseline 0.001 -20"><span class='ocrx_word' id='word_1_118' title='bbox 219 1911 488 1970; x_wconf 88' lang='lat' dir='ltr'><strong>salutem</strong></span> <span class='ocrx_word' id='word_1_119' title='bbox 544 1911 714 1970; x_wconf 87' lang='lat' dir='ltr'><strong>urbis</strong></span> <span class='ocrx_word' id='word_1_120' title='bbox 768 1918 836 1971; x_wconf 88' lang='lat' dir='ltr'><strong>et</strong></span> <span class='ocrx_word' id='word_1_121' title='bbox 883 1912 961 1970; x_wconf 89' lang='lat' dir='ltr'><strong>ad</strong></span> <span class='ocrx_word' id='word_1_122' title='bbox 1015 1913 1372 1972; x_wconf 85' lang='lat' dir='ltr'><strong>memoriam</strong></span> <span class='ocrx_word' id='word_1_123' title='bbox 1421 1913 1778 1972; x_wconf 84' lang='lat' dir='ltr'><strong>consulatus</strong></span> <span class='ocrx_word' id='word_1_124' title='bbox 1830 1913 1970 1989; x_wconf 89' lang='lat' dir='ltr'><strong>mei,</strong></span> <span class='ocrx_word' id='word_1_125' title='bbox 2018 1932 2261 1990; x_wconf 91' lang='lat' dir='ltr'><strong>unoque</strong></span> 
     </span>
     <span class='ocr_line' id='line_1_18' title="bbox 217 2007 2261 2088; baseline 0 -20"><span class='ocrx_word' id='word_1_126' title='bbox 217 2014 500 2086; x_wconf 85' lang='lat' dir='ltr'><strong>tempore</strong></span> <span class='ocrx_word' id='word_1_127' title='bbox 522 2024 525 2027; x_wconf 83' lang='lat'>·</span> <span class='ocrx_word' id='word_1_128' title='bbox 545 2008 611 2066; x_wconf 91' lang='lat' dir='ltr'><strong>in</strong></span> <span class='ocrx_word' id='word_1_129' title='bbox 651 2007 764 2068; x_wconf 88' lang='lat' dir='ltr'><strong>hac</strong></span> <span class='ocrx_word' id='word_1_130' title='bbox 808 2029 874 2068; x_wconf 93' lang='lat' dir='ltr'><strong>re</strong></span> <span class='ocrx_word' id='word_1_131' title='bbox 921 2008 1168 2087; x_wconf 89' lang='lat' dir='ltr'><strong>publica</strong></span> <span class='ocrx_word' id='word_1_132' title='bbox 1215 2010 1374 2069; x_wconf 90' lang='lat' dir='ltr'><strong>duos</strong></span> <span class='ocrx_word' id='word_1_133' title='bbox 1419 2010 1587 2070; x_wconf 91' lang='lat' dir='ltr'><strong>cives</strong></span> <span class='ocrx_word' id='word_1_134' title='bbox 1623 2009 1956 2087; x_wconf 85' lang='lat' dir='ltr'><strong>exstitisse,</strong></span> <span class='ocrx_word' id='word_1_135' title='bbox 2004 2029 2261 2088; x_wconf 90' lang='lat' dir='ltr'><strong>quorum</strong></span> 
     </span>
     <span class='ocr_line' id='line_1_19' title="bbox 218 2104 2261 2187; baseline 0 -22"><span class='ocrx_word' id='word_1_136' title='bbox 218 2104 379 2167; x_wconf 88' lang='lat' dir='ltr'><strong>alter</strong></span> <span class='ocrx_word' id='word_1_137' title='bbox 422 2105 577 2166; x_wconf 91' lang='lat' dir='ltr'><strong>fines</strong></span> <span class='ocrx_word' id='word_1_138' title='bbox 603 2105 796 2167; x_wconf 89' lang='lat' dir='ltr'><strong>vestri</strong></span> <span class='ocrx_word' id='word_1_139' title='bbox 837 2105 1081 2185; x_wconf 88' lang='lat' dir='ltr'><strong>imperii</strong></span> <span class='ocrx_word' id='word_1_140' title='bbox 1127 2126 1250 2167; x_wconf 89' lang='lat' dir='ltr'><strong>non</strong></span> <span class='ocrx_word' id='word_1_141' title='bbox 1299 2113 1517 2184; x_wconf 90' lang='lat' dir='ltr'><strong>terrae,</strong></span> <span class='ocrx_word' id='word_1_142' title='bbox 1549 2107 1657 2167; x_wconf 90' lang='lat' dir='ltr'><strong>sed</strong></span> <span class='ocrx_word' id='word_1_143' title='bbox 1698 2107 1854 2168; x_wconf 89' lang='lat' dir='ltr'><strong>caeli</strong></span> <span class='ocrx_word' id='word_1_144' title='bbox 1901 2107 2261 2187; x_wconf 85' lang='lat' dir='ltr'><strong>regionibus</strong></span> 
     </span>
     <span class='ocr_line' id='line_1_20' title="bbox 215 2203 2258 2283; baseline 0.001 -22"><span class='ocrx_word' id='word_1_145' title='bbox 215 2204 599 2282; x_wconf 83' lang='lat' dir='ltr'><strong>terminaret,</strong></span> <span class='ocrx_word' id='word_1_146' title='bbox 653 2203 809 2264; x_wconf 84' lang='lat' dir='ltr'><strong>alter</strong></span> <span class='ocrx_word' id='word_1_147' title='bbox 875 2203 1155 2283; x_wconf 88' lang='lat' dir='ltr'><strong>ejusdem</strong></span> <span class='ocrx_word' id='word_1_148' title='bbox 1223 2203 1467 2282; x_wconf 90' lang='lat' dir='ltr'><strong>imperii</strong></span> <span class='ocrx_word' id='word_1_149' title='bbox 1520 2204 1892 2264; x_wconf 87' lang='lat' dir='ltr'><strong>domicilium</strong></span> <span class='ocrx_word' id='word_1_150' title='bbox 1961 2206 2258 2281; x_wconf 90' lang='lat' dir='ltr'><strong>sedesque</strong></span> 
     </span>
     <span class='ocr_line' id='line_1_21' title="bbox 218 2307 509 2361; baseline 0 0"><span class='ocrx_word' id='word_1_151' title='bbox 218 2307 509 2361; x_wconf 87' lang='lat' dir='ltr'><strong>servaret.</strong></span> 
     </span>
    </p>

    <p class='ocr_par' dir='ltr' id='par_1_4' title="bbox 214 2395 2257 3250">
     <span class='ocr_line' id='line_1_22' title="bbox 337 2395 2256 2478; baseline 0.002 -23"><span class='ocrx_word' id='word_1_152' title='bbox 337 2397 487 2457; x_wconf 91' lang='lat' dir='ltr'>XII.</span> <span class='ocrx_word' id='word_1_153' title='bbox 534 2396 658 2457; x_wconf 88' lang='lat' dir='ltr'><strong>Sed</strong></span> <span class='ocrx_word' id='word_1_154' title='bbox 702 2395 995 2475; x_wconf 89' lang='lat' dir='ltr'><strong>quoniam</strong></span> <span class='ocrx_word' id='word_1_155' title='bbox 1035 2416 1246 2457; x_wconf 85' lang='lat' dir='ltr'><strong>earum</strong></span> <span class='ocrx_word' id='word_1_156' title='bbox 1288 2418 1512 2474; x_wconf 91' lang='lat' dir='ltr'><strong>rerum,</strong></span> <span class='ocrx_word' id='word_1_157' title='bbox 1541 2418 1693 2476; x_wconf 89' lang='lat' dir='ltr'><strong>quas</strong></span> <span class='ocrx_word' id='word_1_158' title='bbox 1737 2420 1857 2478; x_wconf 89' lang='lat' dir='ltr'><strong>ego</strong></span> <span class='ocrx_word' id='word_1_159' title='bbox 1904 2400 2092 2478; x_wconf 85' lang='lat' dir='ltr'><strong>gessi,</strong></span> <span class='ocrx_word' id='word_1_160' title='bbox 2133 2420 2256 2458; x_wconf 89' lang='lat' dir='ltr'><strong>non</strong></span> 
     </span>
     <span class='ocr_line' id='line_1_23' title="bbox 217 2494 2257 2573; baseline -0.001 -19"><span class='ocrx_word' id='word_1_161' title='bbox 217 2494 438 2554; x_wconf 86' lang='lat' dir='ltr'><strong>eadem</strong></span> <span class='ocrx_word' id='word_1_162' title='bbox 466 2499 564 2553; x_wconf 86' lang='lat' dir='ltr'><strong>est</strong></span> <span class='ocrx_word' id='word_1_163' title='bbox 592 2494 837 2552; x_wconf 88' lang='lat' dir='ltr'><strong>fortuna</strong></span> <span class='ocrx_word' id='word_1_164' title='bbox 864 2499 1054 2571; x_wconf 87' lang='lat' dir='ltr'><strong>atque</strong></span> <span class='ocrx_word' id='word_1_165' title='bbox 1082 2494 1364 2553; x_wconf 88' lang='lat' dir='ltr'><strong>condicio</strong></span> <span class='ocrx_word' id='word_1_166' title='bbox 1392 2514 1550 2573; x_wconf 90' lang='lat' dir='ltr'><strong>quae</strong></span> <span class='ocrx_word' id='word_1_167' title='bbox 1579 2495 1840 2572; x_wconf 87' lang='lat' dir='ltr'><strong>illorum,</strong></span> <span class='ocrx_word' id='word_1_168' title='bbox 1869 2496 1976 2573; x_wconf 92' lang='lat' dir='ltr'><strong>qui</strong></span> <span class='ocrx_word' id='word_1_169' title='bbox 2004 2501 2257 2554; x_wconf 82' lang='lat' dir='ltr'><strong>externa</strong></span> 
     </span>
     <span class='ocr_line' id='line_1_24' title="bbox 214 2589 2256 2669; baseline -0.002 -19"><span class='ocrx_word' id='word_1_170' title='bbox 214 2590 378 2651; x_wconf 90' lang='lat' dir='ltr'><strong>bella</strong></span> <span class='ocrx_word' id='word_1_171' title='bbox 421 2595 767 2669; x_wconf 88' lang='lat' dir='ltr'><strong>gesserunt,</strong></span> <span class='ocrx_word' id='word_1_172' title='bbox 796 2590 961 2668; x_wconf 91' lang='lat' dir='ltr'><strong>quod</strong></span> <span class='ocrx_word' id='word_1_173' title='bbox 989 2589 1140 2646; x_wconf 92' lang='lat' dir='ltr'><strong>mihi</strong></span> <span class='ocrx_word' id='word_1_174' title='bbox 1169 2610 1306 2649; x_wconf 93' lang='lat' dir='ltr'><strong>cum</strong></span> <span class='ocrx_word' id='word_1_175' title='bbox 1347 2590 1426 2649; x_wconf 91' lang='lat' dir='ltr'><strong>iis</strong></span> <span class='ocrx_word' id='word_1_176' title='bbox 1452 2591 1784 2651; x_wconf 86' lang='lat' dir='ltr'><strong>vivendum</strong></span> <span class='ocrx_word' id='word_1_177' title='bbox 1812 2599 1927 2667; x_wconf 89' lang='lat' dir='ltr'><strong>est,</strong></span> <span class='ocrx_word' id='word_1_178' title='bbox 1956 2610 2110 2668; x_wconf 89' lang='lat' dir='ltr'><strong>quos</strong></span> <span class='ocrx_word' id='word_1_179' title='bbox 2136 2592 2256 2649; x_wconf 89' lang='lat' dir='ltr'><strong>vici</strong></span> 
     </span>
     <span class='ocr_line' id='line_1_25' title="bbox 216 2686 2257 2766; baseline -0.001 -19"><span class='ocrx_word' id='word_1_180' title='bbox 216 2708 287 2747; x_wconf 89' lang='lat' dir='ltr'><strong>ac</strong></span> <span class='ocrx_word' id='word_1_181' title='bbox 315 2686 561 2765; x_wconf 90' lang='lat' dir='ltr'><strong>subegi,</strong></span> <span class='ocrx_word' id='word_1_182' title='bbox 590 2686 681 2744; x_wconf 91' lang='lat' dir='ltr'><strong>illi</strong></span> <span class='ocrx_word' id='word_1_183' title='bbox 706 2686 919 2745; x_wconf 88' lang='lat' dir='ltr'><strong>hostes</strong></span> <span class='ocrx_word' id='word_1_184' title='bbox 960 2692 1068 2744; x_wconf 92' lang='lat' dir='ltr'><strong>aut</strong></span> <span class='ocrx_word' id='word_1_185' title='bbox 1096 2686 1455 2747; x_wconf 87' lang='lat' dir='ltr'><strong>interfectos</strong></span> <span class='ocrx_word' id='word_1_186' title='bbox 1496 2694 1607 2746; x_wconf 89' lang='lat' dir='ltr'><strong>aut</strong></span> <span class='ocrx_word' id='word_1_187' title='bbox 1634 2706 1962 2766; x_wconf 89' lang='lat' dir='ltr'><strong>oppressos</strong></span> <span class='ocrx_word' id='word_1_188' title='bbox 2002 2686 2257 2762; x_wconf 88' lang='lat' dir='ltr'><strong>relique-</strong></span> 
     </span>
     <span class='ocr_line' id='line_1_26' title="bbox 214 2780 2255 2861; baseline -0.001 -18"><span class='ocrx_word' id='word_1_189' title='bbox 214 2791 379 2861; x_wconf 90' lang='lat' dir='ltr'><strong>runt,</strong></span> <span class='ocrx_word' id='word_1_190' title='bbox 410 2789 685 2844; x_wconf 86' lang='lat' dir='ltr'><strong>vestrum</strong></span> <span class='ocrx_word' id='word_1_191' title='bbox 729 2787 843 2858; x_wconf 87' lang='lat' dir='ltr'><strong>est,</strong></span> <span class='ocrx_word' id='word_1_192' title='bbox 874 2780 1169 2859; x_wconf 81' lang='lat' dir='ltr'><strong>QuiriteS,</strong></span> <span class='ocrx_word' id='word_1_193' title='bbox 1200 2783 1252 2841; x_wconf 91' lang='lat' dir='ltr'><strong>si</strong></span> <span class='ocrx_word' id='word_1_194' title='bbox 1301 2784 1522 2843; x_wconf 87' lang='lat' dir='ltr'><strong>ceteris</strong></span> <span class='ocrx_word' id='word_1_195' title='bbox 1561 2783 1725 2841; x_wconf 87' lang='lat' dir='ltr'><strong>facta</strong></span> <span class='ocrx_word' id='word_1_196' title='bbox 1770 2802 1877 2839; x_wconf 91' lang='lat' dir='ltr'><strong>sua</strong></span> <span class='ocrx_word' id='word_1_197' title='bbox 1910 2787 2073 2840; x_wconf 87' lang='lat' dir='ltr'><strong>recte</strong></span> <span class='ocrx_word' id='word_1_198' title='bbox 2119 2802 2255 2860; x_wconf 90' lang='lat' dir='ltr'><strong>pro-</strong></span> 
     </span>
     <span class='ocr_line' id='line_1_27' title="bbox 217 2878 2255 2959; baseline -0.001 -20"><span class='ocrx_word' id='word_1_199' title='bbox 217 2888 383 2958; x_wconf 86' lang='lat' dir='ltr'><strong>sunt,</strong></span> <span class='ocrx_word' id='word_1_200' title='bbox 410 2879 568 2937; x_wconf 91' lang='lat' dir='ltr'><strong>mihi</strong></span> <span class='ocrx_word' id='word_1_201' title='bbox 596 2899 734 2939; x_wconf 89' lang='lat' dir='ltr'><strong>mea</strong></span> <span class='ocrx_word' id='word_1_202' title='bbox 760 2899 840 2938; x_wconf 90' lang='lat' dir='ltr'><strong>ne</strong></span> <span class='ocrx_word' id='word_1_203' title='bbox 869 2880 1117 2956; x_wconf 90' lang='lat' dir='ltr'><strong>quando</strong></span> <span class='ocrx_word' id='word_1_204' title='bbox 1145 2880 1357 2938; x_wconf 90' lang='lat' dir='ltr'><strong>obsint</strong></span> <span class='ocrx_word' id='word_1_205' title='bbox 1398 2880 1735 2959; x_wconf 87' lang='lat' dir='ltr'><strong>providere.</strong></span> <span class='ocrx_word' id='word_1_206' title='bbox 1819 2878 2063 2937; x_wconf 74' lang='lat' dir='ltr'><strong>Montes</strong></span> <span class='ocrx_word' id='word_1_207' title='bbox 2090 2879 2255 2938; x_wconf 89' lang='lat' dir='ltr'><strong>enim</strong></span> 
     </span>
     <span class='ocr_line' id='line_1_28' title="bbox 214 2976 2254 3037; baseline -0.001 -1"><span class='ocrx_word' id='word_1_208' title='bbox 214 2977 536 3037; x_wconf 89' lang='lat' dir='ltr'><strong>hominum</strong></span> <span class='ocrx_word' id='word_1_209' title='bbox 579 2976 1122 3035; x_wconf 89' lang='lat' dir='ltr'><strong>audacissimorum</strong></span> <span class='ocrx_word' id='word_1_210' title='bbox 1167 2977 1501 3036; x_wconf 84' lang='lat' dir='ltr'><strong>sceleratae</strong></span> <span class='ocrx_word' id='word_1_211' title='bbox 1546 2998 1618 3036; x_wconf 88' lang='lat' dir='ltr'><strong>ac</strong></span> <span class='ocrx_word' id='word_1_212' title='bbox 1660 2976 1928 3036; x_wconf 84' lang='lat' dir='ltr'><strong>nefariae</strong></span> <span class='ocrx_word' id='word_1_213' title='bbox 1973 2997 2051 3035; x_wconf 93' lang='lat' dir='ltr'><strong>ne</strong></span> <span class='ocrx_word' id='word_1_214' title='bbox 2079 2978 2254 3036; x_wconf 92' lang='lat' dir='ltr'><strong>vobis</strong></span> 
     </span>
     <span class='ocr_line' id='line_1_29' title="bbox 214 3072 2255 3152; baseline 0 -19"><span class='ocrx_word' id='word_1_215' title='bbox 214 3095 440 3135; x_wconf 90' lang='lat' dir='ltr'><strong>nocere</strong></span> <span class='ocrx_word' id='word_1_216' title='bbox 468 3078 745 3152; x_wconf 88' lang='lat' dir='ltr'><strong>possent,</strong></span> <span class='ocrx_word' id='word_1_217' title='bbox 773 3091 892 3151; x_wconf 86' lang='lat' dir='ltr'><strong>ego</strong></span> <span class='ocrx_word' id='word_1_218' title='bbox 927 3072 1203 3151; x_wconf 87' lang='lat' dir='ltr'><strong>providi:</strong></span> <span class='ocrx_word' id='word_1_219' title='bbox 1247 3093 1327 3131; x_wconf 89' lang='lat' dir='ltr'><strong>ne</strong></span> <span class='ocrx_word' id='word_1_220' title='bbox 1355 3073 1505 3130; x_wconf 87' lang='lat' dir='ltr'><strong>mihi</strong></span> <span class='ocrx_word' id='word_1_221' title='bbox 1532 3080 1816 3148; x_wconf 83' lang='lat' dir='ltr'><strong>noceant,</strong></span> <span class='ocrx_word' id='word_1_222' title='bbox 1844 3079 2116 3133; x_wconf 88' lang='lat' dir='ltr'><strong>vestrum</strong></span> <span class='ocrx_word' id='word_1_223' title='bbox 2158 3082 2255 3133; x_wconf 89' lang='lat' dir='ltr'><strong>est</strong></span> 
     </span>
     <span class='ocr_line' id='line_1_30' title="bbox 214 3167 2251 3250; baseline -0.001 -20"><span class='ocrx_word' id='word_1_224' title='bbox 214 3171 556 3250; x_wconf 89' lang='lat' dir='ltr'><strong>providere.</strong></span> <span class='ocrx_word' id='word_1_225' title='bbox 660 3168 1067 3246; x_wconf 85' lang='lat' dir='ltr'><strong>Quamquam,</strong></span> <span class='ocrx_word' id='word_1_226' title='bbox 1109 3167 1406 3245; x_wconf 82' lang='lat' dir='ltr'><strong>QuiriteS,</strong></span> <span class='ocrx_word' id='word_1_227' title='bbox 1448 3170 1599 3227; x_wconf 91' lang='lat' dir='ltr'><strong>mihi</strong></span> <span class='ocrx_word' id='word_1_228' title='bbox 1641 3170 1891 3247; x_wconf 87' lang='lat' dir='ltr'><strong>quidem</strong></span> <span class='ocrx_word' id='word_1_229' title='bbox 1935 3170 2055 3247; x_wconf 91' lang='lat' dir='ltr'><strong>ipsi</strong></span> <span class='ocrx_word' id='word_1_230' title='bbox 2097 3171 2251 3229; x_wconf 90' lang='lat' dir='ltr'><strong>nihil</strong></span> 
     </span>
    </p>
   </div>
   <div class='ocr_carea' id='block_1_3' title="bbox 2287 301 2366 361">
    <p class='ocr_par' dir='ltr' id='par_1_5' title="bbox 2287 301 2366 361">
     <span class='ocr_line' id='line_1_31' title="bbox 2287 301 2366 361; baseline 0 0"><span class='ocrx_word' id='word_1_231' title='bbox 2287 301 2366 361; x_wconf 84' lang='lat'><strong>35</strong></span> 
     </span>
    </p>
   </div>
   <div class='ocr_carea' id='block_1_4' title="bbox 2306 1342 2368 1389">
    <p class='ocr_par' dir='ltr' id='par_1_6' title="bbox 2306 1342 2368 1389">
     <span class='ocr_line' id='line_1_32' title="bbox 2306 1342 2368 1389; baseline 0 0"><span class='ocrx_word' id='word_1_232' title='bbox 2306 1342 2368 1389; x_wconf 88' lang='lat'><strong>10</strong></span> 
     </span>
    </p>
   </div>
   <div class='ocr_carea' id='block_1_5' title="bbox 2306 1826 2366 1873">
    <p class='ocr_par' dir='ltr' id='par_1_7' title="bbox 2306 1826 2366 1873">
     <span class='ocr_line' id='line_1_33' title="bbox 2306 1826 2366 1873; baseline -0.017 0"><span class='ocrx_word' id='word_1_233' title='bbox 2306 1826 2366 1873; x_wconf 83' lang='lat'><strong>15</strong></span> 
     </span>
    </p>
   </div>
   <div class='ocr_carea' id='block_1_6' title="bbox 2301 2311 2365 2359">
    <p class='ocr_par' dir='ltr' id='par_1_8' title="bbox 2301 2311 2365 2359">
     <span class='ocr_line' id='line_1_34' title="bbox 2301 2311 2365 2359; baseline -0.016 0"><span class='ocrx_word' id='word_1_234' title='bbox 2301 2311 2365 2359; x_wconf 82' lang='lat'><strong>20</strong></span> 
     </span>
    </p>
   </div>
   <div class='ocr_carea' id='block_1_7' title="bbox 2298 2795 2359 2840">
    <p class='ocr_par' dir='ltr' id='par_1_9' title="bbox 2298 2795 2359 2840">
     <span class='ocr_line' id='line_1_35' title="bbox 2298 2795 2359 2840; baseline 0 0"><span class='ocrx_word' id='word_1_235' title='bbox 2298 2795 2359 2840; x_wconf 83' lang='lat'><strong>25</strong></span> 
     </span>
    </p>
   </div>
   <div class='ocr_carea' id='block_1_8' title="bbox 216 3265 2355 3346">
    <p class='ocr_par' dir='ltr' id='par_1_10' title="bbox 216 3265 2355 3346">
     <span class='ocr_line' id='line_1_36' title="bbox 216 3265 2355 3346; baseline -0.001 -19"><span class='ocrx_word' id='word_1_236' title='bbox 216 3269 294 3327; x_wconf 88' lang='lat' dir='ltr'><strong>ab</strong></span> <span class='ocrx_word' id='word_1_237' title='bbox 344 3268 485 3326; x_wconf 91' lang='lat' dir='ltr'><strong>istis</strong></span> <span class='ocrx_word' id='word_1_238' title='bbox 531 3268 658 3346; x_wconf 84' lang='lat' dir='ltr'><strong>jam</strong></span> <span class='ocrx_word' id='word_1_239' title='bbox 704 3266 909 3325; x_wconf 89' lang='lat' dir='ltr'><strong>noceri</strong></span> <span class='ocrx_word' id='word_1_240' title='bbox 955 3271 1183 3344; x_wconf 83' lang='lat' dir='ltr'><strong>potest.</strong></span> <span class='ocrx_word' id='word_1_241' title='bbox 1266 3265 1564 3343; x_wconf 87' lang='lat' dir='ltr'><strong>Magnum</strong></span> <span class='ocrx_word' id='word_1_242' title='bbox 1613 3266 1776 3325; x_wconf 89' lang='lat' dir='ltr'><strong>enim</strong></span> <span class='ocrx_word' id='word_1_243' title='bbox 1825 3272 1922 3325; x_wconf 91' lang='lat' dir='ltr'><strong>est</strong></span> <span class='ocrx_word' id='word_1_244' title='bbox 1961 3267 2025 3323; x_wconf 91' lang='lat' dir='ltr'><strong>in</strong></span> <span class='ocrx_word' id='word_1_245' title='bbox 2074 3267 2251 3325; x_wconf 87' lang='lat' dir='ltr'><strong>bonis</strong></span> <span class='ocrx_word' id='word_1_246' title='bbox 2294 3278 2355 3324; x_wconf 78' lang='lat'><strong>30</strong></span> 
     </span>
    </p>
   </div>
   <div class='ocr_carea' id='block_1_9' title="bbox 214 3362 2253 3726">
    <p class='ocr_par' dir='ltr' id='par_1_11' title="bbox 214 3362 2253 3726">
     <span class='ocr_line' id='line_1_37' title="bbox 214 3362 2252 3441; baseline -0 -21"><span class='ocrx_word' id='word_1_247' title='bbox 214 3363 614 3441; x_wconf 88' lang='lat' dir='ltr'><strong>praesidium,</strong></span> <span class='ocrx_word' id='word_1_248' title='bbox 669 3362 835 3440; x_wconf 87' lang='lat' dir='ltr'><strong>quod</strong></span> <span class='ocrx_word' id='word_1_249' title='bbox 903 3362 1053 3419; x_wconf 90' lang='lat' dir='ltr'><strong>mihi</strong></span> <span class='ocrx_word' id='word_1_250' title='bbox 1107 3362 1173 3418; x_wconf 91' lang='lat' dir='ltr'><strong>in</strong></span> <span class='ocrx_word' id='word_1_251' title='bbox 1227 3368 1595 3439; x_wconf 90' lang='lat' dir='ltr'><strong>perpetuum</strong></span> <span class='ocrx_word' id='word_1_252' title='bbox 1664 3368 2081 3439; x_wconf 89' lang='lat' dir='ltr'><strong>comparatum</strong></span> <span class='ocrx_word' id='word_1_253' title='bbox 2136 3369 2252 3438; x_wconf 89' lang='lat' dir='ltr'><strong>est,</strong></span> 
     </span>
     <span class='ocr_line' id='line_1_38' title="bbox 215 3458 2253 3538; baseline -0.001 -23"><span class='ocrx_word' id='word_1_254' title='bbox 215 3479 442 3538; x_wconf 89' lang='lat' dir='ltr'><strong>magna</strong></span> <span class='ocrx_word' id='word_1_255' title='bbox 469 3459 534 3516; x_wconf 89' lang='lat' dir='ltr'><strong>in</strong></span> <span class='ocrx_word' id='word_1_256' title='bbox 561 3480 626 3518; x_wconf 89' lang='lat' dir='ltr'><strong>re</strong></span> <span class='ocrx_word' id='word_1_257' title='bbox 654 3459 904 3536; x_wconf 88' lang='lat' dir='ltr'><strong>publica</strong></span> <span class='ocrx_word' id='word_1_258' title='bbox 931 3458 1222 3536; x_wconf 77' lang='lat' dir='ltr'><strong>dignitaS,</strong></span> <span class='ocrx_word' id='word_1_259' title='bbox 1253 3478 1412 3534; x_wconf 88' lang='lat' dir='ltr'><strong>quae</strong></span> <span class='ocrx_word' id='word_1_260' title='bbox 1440 3478 1538 3517; x_wconf 90' lang='lat' dir='ltr'><strong>me</strong></span> <span class='ocrx_word' id='word_1_261' title='bbox 1568 3478 1807 3535; x_wconf 89' lang='lat' dir='ltr'><strong>semper</strong></span> <span class='ocrx_word' id='word_1_262' title='bbox 1834 3458 2023 3515; x_wconf 89' lang='lat' dir='ltr'><strong>tacita</strong></span> <span class='ocrx_word' id='word_1_263' title='bbox 2050 3459 2253 3515; x_wconf 86' lang='lat' dir='ltr'><strong>defen-</strong></span> 
     </span>
     <span class='ocr_line' id='line_1_39' title="bbox 216 3553 2250 3633; baseline -0.001 -20"><span class='ocrx_word' id='word_1_264' title='bbox 216 3556 343 3632; x_wconf 86' lang='lat' dir='ltr'><strong>det,</strong></span> <span class='ocrx_word' id='word_1_265' title='bbox 371 3575 598 3633; x_wconf 87' lang='lat' dir='ltr'><strong>magna</strong></span> <span class='ocrx_word' id='word_1_266' title='bbox 627 3555 720 3614; x_wconf 85' lang='lat' dir='ltr'><strong>vis</strong></span> <span class='ocrx_word' id='word_1_267' title='bbox 749 3554 1180 3629; x_wconf 89' lang='lat' dir='ltr'><strong>conscientiae,</strong></span> <span class='ocrx_word' id='word_1_268' title='bbox 1208 3574 1395 3631; x_wconf 90' lang='lat' dir='ltr'><strong>quam</strong></span> <span class='ocrx_word' id='word_1_269' title='bbox 1423 3554 1530 3631; x_wconf 92' lang='lat' dir='ltr'><strong>qui</strong></span> <span class='ocrx_word' id='word_1_270' title='bbox 1557 3553 1905 3632; x_wconf 88' lang='lat' dir='ltr'><strong>negligunt,</strong></span> <span class='ocrx_word' id='word_1_271' title='bbox 1937 3572 2124 3628; x_wconf 91' lang='lat' dir='ltr'><strong>quum</strong></span> <span class='ocrx_word' id='word_1_272' title='bbox 2151 3572 2250 3610; x_wconf 89' lang='lat' dir='ltr'><strong>me</strong></span> 
     </span>
     <span class='ocr_line' id='line_1_40' title="bbox 215 3650 1207 3726; baseline -0.002 -15"><span class='ocrx_word' id='word_1_273' title='bbox 215 3651 448 3711; x_wconf 85' lang='lat' dir='ltr'><strong>violare</strong></span> <span class='ocrx_word' id='word_1_274' title='bbox 475 3650 708 3726; x_wconf 90' lang='lat' dir='ltr'><strong>volent,</strong></span> <span class='ocrx_word' id='word_1_275' title='bbox 738 3671 804 3709; x_wconf 90' lang='lat' dir='ltr'><strong>se</strong></span> <span class='ocrx_word' id='word_1_276' title='bbox 832 3650 1207 3709; x_wconf 75' lang='lat' dir='ltr'><strong>indicabunt,</strong></span> 
     </span>
    </p>
   </div>
   <div class='ocr_carea' id='block_1_10' title="bbox 337 3743 2349 3822">
    <p class='ocr_par' dir='ltr' id='par_1_12' title="bbox 337 3743 2349 3822">
     <span class='ocr_line' id='line_1_41' title="bbox 337 3743 2349 3822; baseline -0.001 -17"><span class='ocrx_word' id='word_1_277' title='bbox 337 3747 456 3806; x_wconf 87' lang='lat' dir='ltr'><strong>Est</strong></span> <span class='ocrx_word' id='word_1_278' title='bbox 498 3747 688 3806; x_wconf 89' lang='lat' dir='ltr'><strong>etiam</strong></span> <span class='ocrx_word' id='word_1_279' title='bbox 735 3747 799 3804; x_wconf 91' lang='lat' dir='ltr'><strong>in</strong></span> <span class='ocrx_word' id='word_1_280' title='bbox 844 3746 1021 3805; x_wconf 90' lang='lat' dir='ltr'><strong>nobis</strong></span> <span class='ocrx_word' id='word_1_281' title='bbox 1065 3746 1119 3803; x_wconf 92' lang='lat' dir='ltr'><strong>is</strong></span> <span class='ocrx_word' id='word_1_282' title='bbox 1162 3746 1420 3822; x_wconf 89' lang='lat' dir='ltr'><strong>animus,</strong></span> <span class='ocrx_word' id='word_1_283' title='bbox 1459 3745 1751 3819; x_wconf 81' lang='lat' dir='ltr'><strong>Quirites,</strong></span> <span class='ocrx_word' id='word_1_284' title='bbox 1780 3750 1851 3800; x_wconf 92' lang='lat' dir='ltr'><strong>ut</strong></span> <span class='ocrx_word' id='word_1_285' title='bbox 1894 3763 2019 3800; x_wconf 88' lang='lat' dir='ltr'><strong>non</strong></span> <span class='ocrx_word' id='word_1_286' title='bbox 2066 3743 2249 3804; x_wconf 89' lang='lat' dir='ltr'><strong>modo</strong></span> <span class='ocrx_word' id='word_1_287' title='bbox 2290 3757 2349 3803; x_wconf 73' lang='lat'><strong>35</strong></span> 
     </span>
    </p>
   </div>
   <div class='ocr_carea' id='block_1_11' title="bbox 219 3840 2249 3919">
    <p class='ocr_par' dir='ltr' id='par_1_13' title="bbox 219 3840 2249 3919">
     <span class='ocr_line' id='line_1_42' title="bbox 219 3840 2249 3919; baseline -0.002 -16"><span class='ocrx_word' id='word_1_288' title='bbox 219 3843 444 3904; x_wconf 85' lang='lat' dir='ltr'><strong>nullius</strong></span> <span class='ocrx_word' id='word_1_289' title='bbox 471 3843 766 3903; x_wconf 88' lang='lat' dir='ltr'><strong>audaciae</strong></span> <span class='ocrx_word' id='word_1_290' title='bbox 793 3844 1101 3919; x_wconf 88' lang='lat' dir='ltr'><strong>cedamus,</strong></span> <span class='ocrx_word' id='word_1_291' title='bbox 1135 3843 1242 3902; x_wconf 90' lang='lat' dir='ltr'><strong>sed</strong></span> <span class='ocrx_word' id='word_1_292' title='bbox 1276 3844 1466 3901; x_wconf 88' lang='lat' dir='ltr'><strong>etiam</strong></span> <span class='ocrx_word' id='word_1_293' title='bbox 1494 3860 1705 3899; x_wconf 85' lang='lat' dir='ltr'><strong>omnes</strong></span> <span class='ocrx_word' id='word_1_294' title='bbox 1735 3840 2044 3916; x_wconf 91' lang='lat' dir='ltr'><strong>improbos</strong></span> <span class='ocrx_word' id='word_1_295' title='bbox 2086 3840 2249 3901; x_wconf 88' lang='lat' dir='ltr'><strong>ultro</strong></span> 
     </span>
    </p>
   </div>
  </div>
 </body>
</html>
