2725 4299
855 269 930 321 IN
973 270 1325 323 ANTONIUM
1371 271 1613 324 ORATIO
1658 271 1886 322 PRIMA.
2319 276 2435 336 123

397 432 499 492 IV
500 478 514 491 .
558 433 720 492 Tum
739 455 887 495 vero
908 441 1087 494 tanta
1109 455 1244 493 sum
1262 435 1607 513 cupiditate
1634 436 1918 496 incensus
1935 437 2014 495 ad
2041 437 2328 514 reditum,

276 537 346 589 ut
389 531 550 589 mihi
596 529 749 589 nulli
793 552 993 610 neque
1038 532 1194 591 remi
1237 552 1440 606 neque
1468 533 1643 592 venti
1687 534 1841 591 satis
1880 534 2173 609 facerent,
2201 553 2328 592 non

277 648 400 705 quo
427 648 531 686 me
562 627 642 686 ad
670 633 916 706 tempus
938 648 1333 688 occursurum
1361 648 1488 687 non
1515 635 1818 707 putarem,
1841 630 1953 689 sed
1980 651 2059 688 ne
2088 630 2328 689 tardius

277 744 461 802 quam
503 744 793 802 cuperem
837 726 924 784 rei
967 724 1255 803 publicae
1284 724 1643 803 gratularer.
1729 724 1942 804 Atque
1972 747 2092 805 ego
2120 726 2328 786 celeri-

278 828 374 880 ter
398 820 647 881 Veliam
675 822 971 881 devectus
1017 820 1278 879 Brutum
1309 821 1473 897 vidi3
1516 828 1750 899 quanto
1777 842 1918 882 meo
1945 822 2175 899 dolore,
2204 843 2328 882 non
2403 842 2432 887 5

278 918 430 978 dico.
518 916 727 995 Turpe
753 917 902 975 mihi
945 917 1070 995 ipsi
1100 917 1430 977 videbatur
1470 917 1535 974 in
1564 937 1702 976 eam
1729 918 1945 977 urbem
1973 939 2073 978 me
2103 920 2329 979 audere

276 1014 522 1086 reverti,
553 1034 633 1073 ex
674 1033 796 1091 qua
838 1013 1073 1071 Brutus
1119 1013 1385 1089 cederet,
1417 1019 1485 1071 et
1529 1012 1615 1072 ibi
1655 1012 1817 1073 velle
1861 1019 2000 1072 tuto
2030 1033 2189 1090 esse,
2218 1015 2326 1073 ubi

275 1109 382 1167 ille
427 1129 555 1168 non
601 1115 834 1187 posset.
919 1108 1143 1188 Neque
1192 1128 1337 1169 vero
1393 1108 1566 1166 illum
1624 1107 1908 1168 similiter
1955 1115 2143 1188 atque
2192 1110 2329 1188 ipse

275 1226 443 1265 eram
485 1212 860 1266 commotum
904 1225 1044 1266 esse
1071 1206 1238 1266 vidi:
1283 1212 1528 1266 erectus
1575 1205 1740 1264 enim
1788 1206 2043 1264 maximi
2088 1227 2159 1267 ac
2198 1206 2331 1285 pul-

274 1302 561 1361 cherrimi
605 1303 754 1362 facti
799 1302 895 1361 sui
938 1302 1316 1362 conscientia
1356 1300 1511 1360 nihil
1554 1301 1634 1361 de
1675 1321 1788 1361 suo
1830 1322 1994 1380 casu,
2023 1304 2220 1362 multa
2249 1304 2328 1364 dc
2373 1321 2434 1367 10

274 1405 487 1459 vestro
531 1399 918 1477 querebatur.
1006 1399 1226 1476 Exque
1271 1418 1347 1458 eo
1383 1399 1651 1477 primum
1694 1400 1964 1477 cognovi
2005 1421 2162 1478 quae
2203 1400 2328 1459 Ka-

273 1496 480 1556 lendis
526 1496 864 1556 Sextilibus
907 1497 973 1554 in
1019 1502 1239 1556 senatu
1281 1496 1502 1556 fuisset
1543 1495 1611 1556 L.
1657 1495 1902 1555 Pisonis
1947 1499 2176 1558 oratio:
2221 1499 2327 1576 qui

273 1613 646 1671 quamquam
673 1614 888 1672 parum
916 1600 1069 1669 erat,
1098 1594 1163 1652 id
1193 1593 1358 1652 enim
1389 1594 1588 1671 ipsum
1618 1613 1656 1651 a
1693 1592 1895 1652 Bruto
1923 1595 2260 1670 audieram,
2289 1615 2327 1653 a

274 1692 502 1769 quibus
548 1691 848 1751 debuerat
891 1690 1163 1769 adjutuS,
1192 1699 1404 1750 tamen
1434 1696 1500 1749 et
1543 1689 1726 1749 Bruti
1756 1690 2327 1768 testimonio—quo

273 1788 429 1866 quid
456 1793 668 1866 potest
695 1807 834 1849 esse
872 1788 1123 1865 gravius
1146 1788 1325 1847 P—et
1350 1786 1623 1846 omnium
1669 1786 2143 1863 praedicatione,
2175 1806 2328 1863 quos
2372 1805 2431 1851 15

275 1891 498 1962 postea
545 1884 697 1960 vidi,
741 1903 1024 1962 magnam
1065 1883 1215 1941 mihi
1255 1883 1582 1944 videbatur
1627 1882 1891 1959 gloriam
1941 1889 2324 1944 consecutus.

274 1982 465 2040 Hunc
508 1982 702 2060 igitur
744 1973 815 2039 ut
863 1999 1153 2057 sequerer
1197 1980 1542 2058 properavi,
1571 1999 1752 2056 quem
1798 1986 2160 2056 praesentes
2204 2000 2326 2040 non

273 2084 425 2138 sunt
455 2079 691 2156 secuti3
734 2098 857 2137 non
890 2084 959 2136 ut
1000 2076 1356 2156 proficerem
1386 2076 1638 2155 aliquid,
1668 2095 1782 2136 nec
1812 2078 1974 2137 enim
2005 2079 2326 2157 sperabam

274 2178 346 2235 id
385 2197 501 2236 nec
541 2183 857 2255 praestare
898 2182 1200 2254 poteram,
1230 2176 1345 2235 sed
1387 2181 1478 2251 ut,
1509 2175 1562 2234 si
1590 2175 1743 2253 quid
1783 2175 1933 2235 mihi
1973 2177 2326 2237 humanitus

274 2272 881 2333 accidisset—multa
925 2280 1134 2331 autem
1176 2271 1536 2350 impendere
1564 2272 1855 2333 videntur
1880 2280 2129 2352 praeter
2153 2282 2328 2333 natu·
2369 2288 2431 2334 20

272 2391 405 2428 ram
461 2372 651 2430 etiam
715 2376 1084 2449 praeterque
1140 2368 1610 2448 fatum—hujus
1664 2376 1873 2431 tamen
1930 2372 2055 2431 diei
2110 2391 2327 2432 vocem

273 2473 508 2527 testem
555 2467 646 2526 rei
684 2466 968 2545 publicae
1007 2465 1420 2544 relinquerem
1461 2486 1640 2526 meae
1680 2473 2023 2545 perpetuae
2067 2487 2217 2546 erga
2257 2488 2325 2527 se

274 2564 636 2625 voluntatis.

398 2634 707 2734 Quoniam
755 2661 1073 2738 utriusque
1115 2659 1354 2719 consilii
1400 2678 1669 2735 causam,
1713 2666 1926 2738 patres
1972 2660 2326 2739 conscripti,

271 2758 601 2836 probatam
646 2757 824 2817 vobis
874 2777 1012 2817 esse
1069 2756 1329 2832 confido,
1379 2758 1550 2834 prius
1601 2776 1784 2834 quam
1834 2756 1912 2816 de
1961 2776 2028 2816 re
2076 2757 2326 2834 publica
2370 2774 2433 2819 25

272 2857 479 2915 dicere
507 2854 756 2932 incipio,
784 2874 979 2931 pauca
995 2873 1215 2932 querar
1242 2854 1321 2913 de
1349 2853 1643 2913 hesterna
1669 2853 1751 2913 M.
1778 2852 2044 2913 Antonii
2066 2854 2322 2933 injuria:

272 2953 376 3011 cui
403 2971 542 3011 sum
570 2951 820 3026 amicuS,
848 2950 1036 3028 idque
1078 2971 1175 3010 me
1215 2949 1514 3010 nonnullo
1543 2951 1678 3029 ejus
1707 2950 1904 3010 officio
1932 2951 2159 3011 debere
2188 2972 2326 3013 esse

273 3068 425 3126 prae
453 3068 556 3107 me
586 3066 829 3125 semper
856 3046 988 3105 tuli.

399 3144 479 3204 V.
524 3142 694 3216 Quid
737 3144 988 3203 tandem
1031 3150 1162 3203 erat
1204 3162 1425 3203 causae
1455 3163 1562 3203 cur
1602 3145 1667 3202 in
1714 3152 1994 3206 senatum
2037 3147 2327 3209 hesterno

274 3243 378 3301 die
424 3248 557 3301 tam
603 3240 823 3301 acerbe
862 3242 1163 3319 cogerer?
1246 3239 1512 3301 Solusne
1541 3241 1788 3302 aberam
1806 3245 1836 3304 P
1877 3265 1956 3304 an
1986 3266 2110 3304 non
2141 3264 2325 3323 saepe
2369 3260 2432 3306 30

277 3339 479 3396 minus
528 3338 886 3415 frequentes
930 3336 1184 3397 fuistis?
1241 3356 1321 3394 an
1372 3356 1447 3396 ea
1495 3357 1594 3397 res
1644 3340 1968 3418 agebatur,
2016 3347 2090 3399 ut
2137 3342 2324 3400 etiam

275 3440 574 3513 aegrotos
614 3434 834 3493 deferri
863 3439 1179 3511 oporteret
1201 3435 1231 3494 P
1313 3431 1648 3511 Hannibal,
1679 3437 1879 3511 cred0,
1909 3442 2044 3496 erat
2071 3436 2150 3493 ad
2190 3456 2327 3512 por-

276 3539 395 3608 taS,
424 3537 538 3590 aut
579 3530 658 3590 de
700 3530 923 3610 Pyrrhi
965 3550 1117 3608 pace
1160 3530 1482 3608 agebatur,
1513 3531 1592 3589 ad
1621 3552 1805 3608 quam
1852 3550 2095 3591 causam
2137 3531 2322 3588 etiam

277 3627 557 3706 Appium
586 3626 781 3703 illum,
809 3633 877 3686 et
904 3647 1156 3687 caecum
1184 3634 1250 3687 et
1278 3647 1509 3703 senem,
1532 3627 1805 3687 delatum
1835 3646 1973 3686 esse
2000 3626 2325 3686 memoriae

276 3725 590 3802 proditum
647 3729 762 3784 est.
863 3723 961 3784 De
1017 3723 1572 3801 supplicationibus
1632 3722 2026 3798 referebatur,
2083 3740 2206 3799 quo
2260 3722 2324 3781 in
2368 3736 2429 3781 35

279 3842 511 3900 genere
555 3826 872 3897 senatores
914 3821 1132 3881 deesse
1172 3841 1296 3880 non
1340 3820 1557 3881 solent.
1643 3818 1968 3896 Coguntur
1993 3819 2159 3878 enim
2200 3839 2324 3880 non
