2725 4299
311 237 387 295 66
793 234 878 282 DE
924 233 1198 282 IMPERIO
1245 233 1345 282 CN.
1393 232 1668 283 POMPEII
1712 233 1971 283 ORATIO.

413 415 513 456 res
554 415 813 474 magnas
854 394 1143 474 permulti
1189 395 1545 470 amiserant,
1589 396 1814 454 scimus
1860 394 2099 455 Romae
2148 395 2464 458 solutione

411 492 710 570 impedita
736 491 920 550 fidem
961 490 1314 550 concidisse.
1400 490 1464 550 N
1464 510 1544 549 on
1573 492 1741 550 enim
1780 497 2044 569 possunt
2076 512 2204 550 una
2229 493 2297 552 in
2324 494 2467 555 civi-

413 593 546 647 tate
573 587 753 646 multi
779 608 906 646 rem
934 606 1006 646 ac
1031 587 1310 645 fortunas
1337 588 1649 664 amittere,
1669 593 1743 646 ut
1767 607 1893 648 non
1920 587 2132 666 plures
2159 608 2369 649 secum
2396 591 2466 650 in

413 685 670 744 eandem
716 682 963 742 trahant
1004 682 1440 744 calamitatem.
1542 682 1606 741 A
1650 704 1773 762 quo
1815 684 2087 762 periculo
2134 686 2465 763 prohibete

359 792 389 839 δ
413 801 540 840 rem
583 779 910 858 publicam,
939 784 1004 838 et
1047 779 1196 837 mibi
1239 780 1489 855 credite,
1521 780 1588 838 id
1630 780 1797 858 quod
1840 781 1962 859 ipsi
2005 781 2268 843 videtis:
2311 783 2468 844 haec

413 877 567 938 fides
609 883 798 955 atque
840 877 992 935 baec
1032 876 1194 935 ratio
1236 879 1654 954 pecuniarum,
1696 896 1854 954 quae
1898 876 2154 955 Romae,
2195 899 2353 957 quae
2399 880 2465 938 in

414 976 545 1035 foro
580 981 874 1049 versatur,
900 972 1214 1050 implicata
1258 979 1357 1032 est
1400 993 1540 1032 cum
1585 972 1709 1032 illis
1753 975 2030 1051 pecuniis
2057 973 2357 1035 Asiaticis
2397 983 2469 1036 et

414 1072 715 1132 cohaeret.
800 1071 1005 1130 Ruere
1033 1068 1138 1128 illa
1164 1089 1291 1129 non
1316 1076 1601 1147 possunt,
1623 1076 1697 1128 ut
1721 1070 1874 1130 haec
1901 1090 2027 1130 non
2054 1072 2271 1131 eodem
2300 1072 2469 1132 labe-

412 1169 578 1228 facta
600 1174 772 1227 motu
794 1165 1136 1227 concidant.
1223 1164 1429 1239 Quare
1451 1167 1661 1247 videte
1682 1188 1831 1226 num
1852 1167 2262 1227 dubitandum
2285 1169 2467 1227 vobis

328 1278 389 1326 10
414 1265 497 1323 sit
522 1265 688 1323 omni
716 1263 923 1322 studio
950 1264 1031 1322 ad
1056 1264 1121 1322 id
1147 1263 1379 1323 bellum
1406 1263 1777 1340 incumbere,
1804 1265 1870 1322 in
1897 1284 2021 1343 quo
2047 1265 2243 1344 gloria
2271 1266 2467 1324 nomi-

412 1362 509 1420 nis
530 1360 741 1436 vestri,
763 1344 929 1419 salus
958 1360 1279 1436 sociorum,
1301 1359 1635 1439 vectigalia
1654 1361 1944 1437 maxima,
1966 1362 2250 1421 fortunae
2276 1361 2467 1439 pluri-

411 1477 646 1516 morum
675 1456 897 1516 civium
924 1456 1290 1535 conjunctae
1321 1476 1459 1515 cum
1487 1477 1553 1516 re
1580 1455 1831 1534 publica
1859 1457 2288 1518 defendantur.

532 1552 710 1613 VIII.
754 1551 1063 1626 Quoniam
1095 1553 1175 1612 de
1218 1573 1447 1630 genere
1489 1552 1641 1613 belli
1668 1553 1819 1629 dixi,
1847 1573 2012 1613 nunc
2039 1555 2118 1613 de
2154 1555 2468 1632 magnitu-

412 1652 555 1711 dine
583 1670 783 1729 pauca
809 1651 1022 1710 dicam.
1108 1648 1334 1710 Potest
1359 1650 1521 1709 enim
1562 1649 1678 1709 hoc
1705 1651 1867 1724 dici3
1907 1650 2057 1710 belli
2091 1670 2294 1728 genus
2324 1672 2464 1711 esse

328 1761 388 1807 15
416 1750 506 1808 ita
532 1748 961 1824 necessarium,
988 1753 1062 1805 ut
1089 1747 1173 1805 sit
1213 1747 1575 1824 gerendum,
1603 1765 1730 1805 non
1756 1766 1892 1807 esse
1925 1747 2017 1805 ita
2044 1767 2361 1825 magnum,
2390 1755 2467 1806 ut

414 1847 498 1906 sit
539 1845 1108 1924 pertimescendum.
1195 1844 1272 1904 In
1316 1862 1440 1922 quo
1484 1843 1752 1902 maxime
1796 1842 2196 1903 laborandum
2236 1852 2354 1920 est,
2381 1865 2464 1905 ne

414 1944 571 2002 forte
598 1963 673 2002 ea
693 1942 888 2016 vobiS,
909 1960 1068 2018 quae
1094 1939 1570 2019 diligentissime
1597 1940 1975 2017 providenda
2002 1946 2169 2016 sunt,
2191 1948 2466 2000 contem-

411 2039 617 2098 nenda
660 2058 798 2097 esse
823 2038 1164 2096 videantur.
1249 2035 1463 2114 Atque
1504 2042 1578 2094 ut
1603 2055 1819 2094 omnes
1862 2035 2221 2113 intelligant
2261 2057 2362 2097 me
2388 2037 2459 2098 L.

412 2133 671 2194 Lucullo
712 2138 957 2192 tantum
998 2133 1314 2211 impertire
1355 2124 1577 2210 laudiS,
1604 2138 1898 2211 quantum
1929 2133 2075 2192 forti
2105 2133 2236 2194 viro
2264 2139 2333 2194 et
2373 2155 2466 2194 sa-
2569 2196 2572 2198 ,

325 2243 389 2291 20
413 2233 611 2311 pienti
653 2231 887 2291 homini
914 2238 980 2292 et
1006 2250 1233 2308 magno
1269 2230 1623 2308 imperatori
1650 2229 1967 2305 debeatur,
1996 2229 2133 2289 dico
2179 2230 2317 2309 ejus
2360 2232 2464 2290 ad-

413 2331 605 2385 ventu
647 2326 944 2384 maximas
989 2323 1364 2383 Mithridatis
1409 2323 1619 2401 copias
1664 2323 1945 2382 omnibus
1985 2323 2169 2381 rebus
2210 2329 2464 2383 ornatas

413 2428 600 2500 atque
627 2422 959 2482 instructas
999 2422 1194 2480 fuisse
1220 2421 1557 2497 urbemque
1586 2416 1778 2479 Asiae
1816 2419 2217 2478 clarissimam
2259 2420 2465 2480 nobis·

413 2539 534 2597 que
561 2520 1010 2596 amicissimam,
1042 2518 1498 2599 Cyzicenorum,
1528 2516 1840 2575 obsessam
1870 2534 2006 2575 esse
2034 2516 2113 2574 ab
2141 2516 2284 2593 ipso
2309 2537 2463 2596 rege

413 2619 678 2677 maxima
715 2617 1115 2677 multitudine
1144 2620 1212 2675 et
1236 2617 1659 2693 oppugnatam
1687 2612 2246 2688 vehementissime,
2276 2632 2460 2690 quam
2513 2685 2514 2688 Ἴ

324 2727 387 2774 25
414 2713 483 2774 L.
512 2714 806 2775 Lucullus
832 2716 1083 2789 virtute,
1115 2711 1496 2785 assiduitate,
1524 2706 1779 2767 consilio
1818 2709 2075 2767 summis
2117 2709 2463 2769 obsidionis

412 2811 696 2888 periculis
735 2811 1054 2871 liberavit:
1099 2808 1179 2867 ab
1209 2807 1430 2868 eodem
1470 2806 1840 2882 imperatore
1868 2803 2125 2863 classem
2166 2825 2459 2883 magnam

413 2913 480 2965 et
505 2912 801 2982 ornatam,
829 2925 987 2983 quae
1016 2904 1276 2963 ducibus
1321 2901 1687 2963 Sertorianis
1728 2901 1807 2959 ad
1847 2900 2090 2959 Italiam
2122 2901 2333 2961 studio
2373 2903 2459 2960 in·

412 3002 719 3060 flammata
745 3006 1077 3079 raperetur,
1099 3006 1450 3077 superatam
1479 3018 1617 3059 esse
1646 3002 1830 3075 atque
1853 2998 2206 3075 depressam
2228 3018 2246 3073 ;
2289 3018 2456 3077 mag-

411 3118 521 3156 nas
561 3096 830 3156 hostium
875 3104 1198 3175 praeterea
1235 3096 1441 3173 copias
1482 3094 1694 3153 multis
1737 3093 1990 3173 proeliis
2034 3114 2170 3153 esse
2214 3093 2456 3153 deletas

324 3209 388 3255 30
414 3194 911 3272 patefactumque
950 3193 1181 3253 nostris
1227 3191 1575 3270 legionibus
1619 3209 1756 3250 esse
1800 3188 2089 3267 Pontum,
2117 3190 2226 3268 qui
2269 3197 2458 3251 antea

411 3289 639 3369 populo
679 3289 960 3349 Romano
1005 3310 1084 3349 ex
1127 3288 1294 3347 omni
1337 3287 1513 3347 aditu
1560 3285 1807 3345 clausus
1857 3287 2114 3363 fuisset3
2178 3286 2453 3365 Sinopen

413 3394 600 3466 atque
645 3385 949 3463 Amisum,
997 3386 1223 3463 quibus
1269 3385 1332 3442 in
1381 3382 1625 3461 oppidis
1679 3388 1857 3441 erant
1902 3382 2213 3443 domicilia
2266 3382 2456 3461 regiS,

412 3486 694 3546 omnibus
747 3484 931 3543 rebus
986 3489 1233 3542 ornatas
1288 3487 1476 3559 atque
1529 3480 1806 3556 refertaS,
1856 3486 2212 3558 ceterasque
2266 3479 2455 3539 urbes

412 3581 599 3642 Ponti
628 3587 694 3641 et
720 3578 1146 3658 Cappadociae
1173 3575 1512 3656 permultas
1539 3595 1663 3634 uno
1690 3576 1866 3634 aditu
1891 3577 2286 3653 adventuque
2315 3595 2454 3635 esse

323 3684 384 3736 35
413 3685 664 3756 captas3
705 3697 918 3755 regem
959 3674 1290 3754 spoliatum
1315 3692 1510 3752 regno
1549 3672 1751 3749 patrio
1778 3679 1962 3749 atque
1990 3674 2162 3732 avito
2189 3672 2269 3731 ad
2298 3672 2456 3731 alios

411 3794 479 3831 se
505 3793 686 3851 reges
715 3780 902 3849 atque
930 3773 1009 3831 ad
1035 3772 1187 3830 alias
1228 3774 1451 3849 gentes
1480 3766 1819 3844 supplicem
1851 3769 2217 3830 contulisse:
2266 3774 2476 3845 atque,
