<?xml version="1.0" encoding="UTF-8"?>
<!DOCTYPE html PUBLIC "-//W3C//DTD XHTML 1.0 Transitional//EN"
    "http://www.w3.org/TR/xhtml1/DTD/xhtml1-transitional.dtd">
<html xmlns="http://www.w3.org/1999/xhtml" xml:lang="en" lang="en">
 <head>
  <title>
</title>
<meta http-equiv="Content-Type" content="text/html;charset=utf-8" />
  <meta name='ocr-system' content='tesseract 3.04.00' />
  <meta name='ocr-capabilities' content='ocr_page ocr_carea ocr_par ocr_line ocrx_word'/>
</head>
<body>
  <div class='ocr_page' id='page_1' title='image "./selectorationsm02harkgoog_0084.png"; bbox 0 0 2725 4299; ppageno 0'>
   <div class='ocr_carea' id='block_1_1' title="bbox 361 282 2013 349">
    <p class='ocr_par' dir='ltr' id='par_1_1' title="bbox 361 282 2013 349">
     <span class='ocr_line' id='line_1_1' title="bbox 361 282 2013 349; baseline -0.003 -11"><span class='ocrx_word' id='word_1_1' title='bbox 361 291 438 349; x_wconf 80' lang='lat'><strong>62</strong></span> <span class='ocrx_word' id='word_1_2' title='bbox 836 286 923 336; x_wconf 74' lang='lat' dir='ltr'><strong>DE</strong></span> <span class='ocrx_word' id='word_1_3' title='bbox 967 285 1244 334; x_wconf 72' lang='lat' dir='ltr'><strong>IMPERIO</strong></span> <span class='ocrx_word' id='word_1_4' title='bbox 1290 283 1391 335; x_wconf 80' lang='lat' dir='ltr'><strong>GN.</strong></span> <span class='ocrx_word' id='word_1_5' title='bbox 1437 283 1711 334; x_wconf 77' lang='lat' dir='ltr'><strong>POMPEII</strong></span> <span class='ocrx_word' id='word_1_6' title='bbox 1755 282 2013 333; x_wconf 78' lang='lat' dir='ltr'><strong>ORATIO.</strong></span> 
     </span>
    </p>
   </div>
   <div class='ocr_carea' id='block_1_2' title="bbox 359 445 2515 2176">
    <p class='ocr_par' dir='ltr' id='par_1_2' title="bbox 463 445 2515 528">
     <span class='ocr_line' id='line_1_2' title="bbox 463 445 2515 528; baseline -0.002 -19"><span class='ocrx_word' id='word_1_7' title='bbox 463 450 724 528; x_wconf 86' lang='lat' dir='ltr'><strong>majores</strong></span> <span class='ocrx_word' id='word_1_8' title='bbox 751 448 941 508; x_wconf 86' lang='lat' dir='ltr'><strong>vestri</strong></span> <span class='ocrx_word' id='word_1_9' title='bbox 982 467 1209 526; x_wconf 88' lang='lat' dir='ltr'><strong>magna</strong></span> <span class='ocrx_word' id='word_1_10' title='bbox 1251 453 1319 506; x_wconf 92' lang='lat' dir='ltr'><strong>et</strong></span> <span class='ocrx_word' id='word_1_11' title='bbox 1340 446 1576 525; x_wconf 83' lang='lat' dir='ltr'><strong>&#39;gravia</strong></span> <span class='ocrx_word' id='word_1_12' title='bbox 1619 445 1785 505; x_wconf 87' lang='lat' dir='ltr'><strong>bella</strong></span> <span class='ocrx_word' id='word_1_13' title='bbox 1827 456 2196 525; x_wconf 84' lang='lat' dir='ltr'><strong>gesserunt3</strong></span> <span class='ocrx_word' id='word_1_14' title='bbox 2239 453 2515 524; x_wconf 88' lang='lat' dir='ltr'><strong>aguntur</strong></span> 
     </span>
    </p>

    <p class='ocr_par' dir='ltr' id='par_1_3' title="bbox 462 540 2511 622">
     <span class='ocr_line' id='line_1_3' title="bbox 462 540 2511 622; baseline -0.002 -17"><span class='ocrx_word' id='word_1_15' title='bbox 462 545 801 605; x_wconf 86' lang='lat' dir='ltr'><strong>certissima</strong></span> <span class='ocrx_word' id='word_1_16' title='bbox 852 544 1065 622; x_wconf 92' lang='lat' dir='ltr'><strong>populi</strong></span> <span class='ocrx_word' id='word_1_17' title='bbox 1120 543 1385 602; x_wconf 87' lang='lat' dir='ltr'><strong>Romani</strong></span> <span class='ocrx_word' id='word_1_18' title='bbox 1436 540 1768 620; x_wconf 83' lang='lat' dir='ltr'><strong>vectigalia</strong></span> <span class='ocrx_word' id='word_1_19' title='bbox 1822 546 1888 600; x_wconf 93' lang='lat' dir='ltr'><strong>et</strong></span> <span class='ocrx_word' id='word_1_20' title='bbox 1939 542 2225 617; x_wconf 79' lang='lat' dir='ltr'><strong>maxima,</strong></span> <span class='ocrx_word' id='word_1_21' title='bbox 2282 541 2511 620; x_wconf 92' lang='lat' dir='ltr'><strong>quibus</strong></span> 
     </span>
    </p>

    <p class='ocr_par' dir='ltr' id='par_1_4' title="bbox 464 637 2509 718">
     <span class='ocr_line' id='line_1_4' title="bbox 464 637 2509 718; baseline -0.001 -18"><span class='ocrx_word' id='word_1_22' title='bbox 464 642 706 701; x_wconf 86' lang='lat' dir='ltr'><strong>amissis</strong></span> <span class='ocrx_word' id='word_1_23' title='bbox 759 646 826 700; x_wconf 90' lang='lat' dir='ltr'><strong>et</strong></span> <span class='ocrx_word' id='word_1_24' title='bbox 879 640 1051 718; x_wconf 83' lang='lat' dir='ltr'><strong>pacis</strong></span> <span class='ocrx_word' id='word_1_25' title='bbox 1097 645 1458 700; x_wconf 87' lang='lat' dir='ltr'><strong>ornamenta</strong></span> <span class='ocrx_word' id='word_1_26' title='bbox 1504 645 1571 698; x_wconf 90' lang='lat' dir='ltr'><strong>et</strong></span> <span class='ocrx_word' id='word_1_27' title='bbox 1618 637 1891 697; x_wconf 90' lang='lat' dir='ltr'><strong>subsidia</strong></span> <span class='ocrx_word' id='word_1_28' title='bbox 1945 637 2093 696; x_wconf 92' lang='lat' dir='ltr'><strong>belli</strong></span> <span class='ocrx_word' id='word_1_29' title='bbox 2139 639 2509 715; x_wconf 85' lang='lat' dir='ltr'><strong>requiretis3</strong></span> 
     </span>
    </p>

    <p class='ocr_par' dir='ltr' id='par_1_5' title="bbox 409 734 2514 912">
     <span class='ocr_line' id='line_1_5' title="bbox 464 734 2514 816; baseline -0.002 -20"><span class='ocrx_word' id='word_1_30' title='bbox 464 744 732 816; x_wconf 86' lang='lat' dir='ltr'><strong>aguntur</strong></span> <span class='ocrx_word' id='word_1_31' title='bbox 776 736 941 796; x_wconf 91' lang='lat' dir='ltr'><strong>bona</strong></span> <span class='ocrx_word' id='word_1_32' title='bbox 988 735 1314 795; x_wconf 89' lang='lat' dir='ltr'><strong>multorum</strong></span> <span class='ocrx_word' id='word_1_33' title='bbox 1355 735 1598 812; x_wconf 90' lang='lat' dir='ltr'><strong>civium,</strong></span> <span class='ocrx_word' id='word_1_34' title='bbox 1627 734 1850 811; x_wconf 91' lang='lat' dir='ltr'><strong>quibus</strong></span> <span class='ocrx_word' id='word_1_35' title='bbox 1878 741 1977 793; x_wconf 87' lang='lat' dir='ltr'><strong>est</strong></span> <span class='ocrx_word' id='word_1_36' title='bbox 2022 754 2062 792; x_wconf 87' lang='lat' dir='ltr'><strong>a</strong></span> <span class='ocrx_word' id='word_1_37' title='bbox 2091 735 2268 793; x_wconf 90' lang='lat' dir='ltr'><strong>vobis</strong></span> <span class='ocrx_word' id='word_1_38' title='bbox 2312 739 2382 794; x_wconf 88' lang='lat' dir='ltr'><strong>et</strong></span> <span class='ocrx_word' id='word_1_39' title='bbox 2420 735 2514 812; x_wconf 93' lang='lat' dir='ltr'><strong>ip-</strong></span> 
     </span>
     <span class='ocr_line' id='line_1_6' title="bbox 409 831 1883 912; baseline -0.001 -19"><span class='ocrx_word' id='word_1_40' title='bbox 409 847 438 893; x_wconf 77' lang='grc'><strong>5</strong></span> <span class='ocrx_word' id='word_1_41' title='bbox 465 854 667 895; x_wconf 89' lang='lat' dir='ltr'><strong>sorum</strong></span> <span class='ocrx_word' id='word_1_42' title='bbox 695 840 761 893; x_wconf 93' lang='lat' dir='ltr'><strong>et</strong></span> <span class='ocrx_word' id='word_1_43' title='bbox 784 834 877 893; x_wconf 88' lang='lat' dir='ltr'><strong>rei</strong></span> <span class='ocrx_word' id='word_1_44' title='bbox 903 832 1189 912; x_wconf 90' lang='lat' dir='ltr'><strong>publicae</strong></span> <span class='ocrx_word' id='word_1_45' title='bbox 1216 852 1399 891; x_wconf 87' lang='lat' dir='ltr'><strong>causa</strong></span> <span class='ocrx_word' id='word_1_46' title='bbox 1427 831 1883 891; x_wconf 80' lang='lat' dir='ltr'><strong>consulendum.</strong></span> 
     </span>
    </p>

    <p class='ocr_par' dir='ltr' id='par_1_6' title="bbox 461 928 2512 1299">
     <span class='ocr_line' id='line_1_7' title="bbox 582 928 2512 1008; baseline -0.001 -17"><span class='ocrx_word' id='word_1_47' title='bbox 582 930 697 991; x_wconf 85' lang='lat' dir='ltr'><strong>HL</strong></span> <span class='ocrx_word' id='word_1_48' title='bbox 742 929 831 990; x_wconf 91' lang='lat' dir='ltr'><strong>Et</strong></span> <span class='ocrx_word' id='word_1_49' title='bbox 850 930 1137 1008; x_wconf 86' lang='lat' dir='ltr'><strong>quoniam</strong></span> <span class='ocrx_word' id='word_1_50' title='bbox 1160 949 1400 1006; x_wconf 84' lang='lat' dir='ltr'>semper</span> <span class='ocrx_word' id='word_1_51' title='bbox 1420 934 1791 1006; x_wconf 78' lang='lat' dir='ltr'><strong>appetentes</strong></span> <span class='ocrx_word' id='word_1_52' title='bbox 1818 928 2052 1006; x_wconf 89' lang='lat' dir='ltr'><strong>gloriae</strong></span> <span class='ocrx_word' id='word_1_53' title='bbox 2080 936 2328 1006; x_wconf 88' lang='lat' dir='ltr'><strong>praeter</strong></span> <span class='ocrx_word' id='word_1_54' title='bbox 2348 935 2512 989; x_wconf 88' lang='lat' dir='ltr'><strong>cete-</strong></span> 
     </span>
     <span class='ocr_line' id='line_1_8' title="bbox 462 1025 2511 1107; baseline -0.001 -20"><span class='ocrx_word' id='word_1_55' title='bbox 462 1048 562 1088; x_wconf 88' lang='lat' dir='ltr'><strong>ras</strong></span> <span class='ocrx_word' id='word_1_56' title='bbox 605 1034 828 1107; x_wconf 84' lang='lat' dir='ltr'><strong>gentes</strong></span> <span class='ocrx_word' id='word_1_57' title='bbox 871 1033 1055 1106; x_wconf 88' lang='lat' dir='ltr'><strong>atque</strong></span> <span class='ocrx_word' id='word_1_58' title='bbox 1082 1026 1250 1086; x_wconf 86' lang='lat' dir='ltr'><strong>avidi</strong></span> <span class='ocrx_word' id='word_1_59' title='bbox 1294 1025 1492 1084; x_wconf 90' lang='lat' dir='ltr'><strong>laudis</strong></span> <span class='ocrx_word' id='word_1_60' title='bbox 1520 1025 1748 1102; x_wconf 86' lang='lat' dir='ltr'><strong>fuistis,</strong></span> <span class='ocrx_word' id='word_1_61' title='bbox 1771 1025 2031 1085; x_wconf 90' lang='lat' dir='ltr'><strong>delenda</strong></span> <span class='ocrx_word' id='word_1_62' title='bbox 2059 1032 2159 1085; x_wconf 91' lang='lat' dir='ltr'><strong>est</strong></span> <span class='ocrx_word' id='word_1_63' title='bbox 2184 1026 2360 1085; x_wconf 88' lang='lat' dir='ltr'><strong>vobis</strong></span> <span class='ocrx_word' id='word_1_64' title='bbox 2401 1025 2511 1085; x_wconf 83' lang='lat' dir='ltr'><strong>illa</strong></span> 
     </span>
     <span class='ocr_line' id='line_1_9' title="bbox 463 1122 2509 1201; baseline 0 -18"><span class='ocrx_word' id='word_1_65' title='bbox 463 1124 701 1184; x_wconf 87' lang='lat' dir='ltr'><strong>macula</strong></span> <span class='ocrx_word' id='word_1_66' title='bbox 726 1124 1146 1184; x_wconf 87' lang='lat' dir='ltr'><strong>Mithridatico</strong></span> <span class='ocrx_word' id='word_1_67' title='bbox 1178 1122 1342 1183; x_wconf 92' lang='lat' dir='ltr'><strong>bello</strong></span> <span class='ocrx_word' id='word_1_68' title='bbox 1372 1123 1682 1200; x_wconf 87' lang='lat' dir='ltr'><strong>superiore</strong></span> <span class='ocrx_word' id='word_1_69' title='bbox 1711 1128 2025 1200; x_wconf 89' lang='lat' dir='ltr'><strong>concepta,</strong></span> <span class='ocrx_word' id='word_1_70' title='bbox 2054 1142 2212 1200; x_wconf 89' lang='lat' dir='ltr'><strong>quae</strong></span> <span class='ocrx_word' id='word_1_71' title='bbox 2253 1125 2509 1201; x_wconf 90' lang='lat' dir='ltr'><strong>penitus</strong></span> 
     </span>
     <span class='ocr_line' id='line_1_10' title="bbox 461 1219 2507 1299; baseline 0 -20"><span class='ocrx_word' id='word_1_72' title='bbox 461 1221 585 1299; x_wconf 87' lang='lat' dir='ltr'><strong>jam</strong></span> <span class='ocrx_word' id='word_1_73' title='bbox 612 1223 845 1281; x_wconf 78' lang='lat' dir='ltr'><strong>insedit</strong></span> <span class='ocrx_word' id='word_1_74' title='bbox 871 1242 944 1281; x_wconf 91' lang='lat' dir='ltr'><strong>ac</strong></span> <span class='ocrx_word' id='word_1_75' title='bbox 969 1221 1149 1279; x_wconf 93' lang='lat' dir='ltr'><strong>nimis</strong></span> <span class='ocrx_word' id='word_1_76' title='bbox 1187 1221 1559 1281; x_wconf 86' lang='lat' dir='ltr'><strong>inveteravit</strong></span> <span class='ocrx_word' id='word_1_77' title='bbox 1582 1222 1647 1278; x_wconf 88' lang='lat' dir='ltr'><strong>in</strong></span> <span class='ocrx_word' id='word_1_78' title='bbox 1682 1220 1899 1299; x_wconf 92' lang='lat' dir='ltr'><strong>populi</strong></span> <span class='ocrx_word' id='word_1_79' title='bbox 1925 1219 2188 1278; x_wconf 87' lang='lat' dir='ltr'><strong>Romani</strong></span> <span class='ocrx_word' id='word_1_80' title='bbox 2213 1222 2466 1281; x_wconf 87' lang='lat' dir='ltr'><strong>nomine</strong></span> <span class='ocrx_word' id='word_1_81' title='bbox 2489 1243 2507 1299; x_wconf 83' lang='lat'>3</span> 
     </span>
    </p>

    <p class='ocr_par' dir='ltr' id='par_1_7' title="bbox 379 1316 2511 1788">
     <span class='ocr_line' id='line_1_11' title="bbox 379 1316 2511 1396; baseline 0.002 -22"><span class='ocrx_word' id='word_1_82' title='bbox 379 1327 442 1374; x_wconf 86' lang='lat'><strong>10</strong></span> <span class='ocrx_word' id='word_1_83' title='bbox 465 1318 630 1395; x_wconf 89' lang='lat' dir='ltr'><strong>quod</strong></span> <span class='ocrx_word' id='word_1_84' title='bbox 673 1319 747 1394; x_wconf 91' lang='lat' dir='ltr'><strong>is,</strong></span> <span class='ocrx_word' id='word_1_85' title='bbox 775 1319 881 1396; x_wconf 92' lang='lat' dir='ltr'><strong>qui</strong></span> <span class='ocrx_word' id='word_1_86' title='bbox 925 1337 1050 1376; x_wconf 92' lang='lat' dir='ltr'><strong>uno</strong></span> <span class='ocrx_word' id='word_1_87' title='bbox 1090 1318 1194 1377; x_wconf 89' lang='lat' dir='ltr'><strong>die</strong></span> <span class='ocrx_word' id='word_1_88' title='bbox 1235 1324 1374 1377; x_wconf 88' lang='lat' dir='ltr'><strong>tota</strong></span> <span class='ocrx_word' id='word_1_89' title='bbox 1414 1320 1480 1376; x_wconf 91' lang='lat' dir='ltr'><strong>in</strong></span> <span class='ocrx_word' id='word_1_90' title='bbox 1518 1316 1696 1394; x_wconf 89' lang='lat' dir='ltr'><strong>Asia,</strong></span> <span class='ocrx_word' id='word_1_91' title='bbox 1723 1324 1823 1377; x_wconf 92' lang='lat' dir='ltr'><strong>tot</strong></span> <span class='ocrx_word' id='word_1_92' title='bbox 1864 1318 1931 1377; x_wconf 90' lang='lat' dir='ltr'><strong>in</strong></span> <span class='ocrx_word' id='word_1_93' title='bbox 1973 1318 2352 1394; x_wconf 88' lang='lat' dir='ltr'><strong>civitatibus,</strong></span> <span class='ocrx_word' id='word_1_94' title='bbox 2381 1339 2511 1379; x_wconf 88' lang='lat' dir='ltr'><strong>uno</strong></span> 
     </span>
     <span class='ocr_line' id='line_1_12' title="bbox 463 1414 2508 1493; baseline 0.001 -21"><span class='ocrx_word' id='word_1_95' title='bbox 463 1415 683 1474; x_wconf 87' lang='lat' dir='ltr'><strong>nuntio</strong></span> <span class='ocrx_word' id='word_1_96' title='bbox 721 1421 910 1493; x_wconf 88' lang='lat' dir='ltr'><strong>atque</strong></span> <span class='ocrx_word' id='word_1_97' title='bbox 949 1436 1073 1473; x_wconf 89' lang='lat' dir='ltr'><strong>una</strong></span> <span class='ocrx_word' id='word_1_98' title='bbox 1102 1416 1551 1493; x_wconf 87' lang='lat' dir='ltr'><strong>significatione</strong></span> <span class='ocrx_word' id='word_1_99' title='bbox 1590 1415 1936 1476; x_wconf 87' lang='lat' dir='ltr'><strong>litterarum</strong></span> <span class='ocrx_word' id='word_1_100' title='bbox 1979 1415 2146 1476; x_wconf 88' lang='lat' dir='ltr'><strong>cives</strong></span> <span class='ocrx_word' id='word_1_101' title='bbox 2192 1414 2508 1476; x_wconf 89' lang='lat' dir='ltr'><strong>Romanos</strong></span> 
     </span>
     <span class='ocr_line' id='line_1_13' title="bbox 462 1511 2509 1592; baseline 0.002 -24"><span class='ocrx_word' id='word_1_102' title='bbox 462 1512 773 1571; x_wconf 89' lang='lat' dir='ltr'><strong>necandos</strong></span> <span class='ocrx_word' id='word_1_103' title='bbox 813 1511 1327 1590; x_wconf 81' lang='lat' dir='ltr'><strong>trucidandosque</strong></span> <span class='ocrx_word' id='word_1_104' title='bbox 1355 1513 1696 1588; x_wconf 81' lang='lat' dir='ltr'><strong>denotavit,</strong></span> <span class='ocrx_word' id='word_1_105' title='bbox 1723 1532 1850 1573; x_wconf 90' lang='lat' dir='ltr'><strong>non</strong></span> <span class='ocrx_word' id='word_1_106' title='bbox 1892 1512 2076 1572; x_wconf 92' lang='lat' dir='ltr'><strong>modo</strong></span> <span class='ocrx_word' id='word_1_107' title='bbox 2115 1512 2317 1572; x_wconf 88' lang='lat' dir='ltr'><strong>adhuc</strong></span> <span class='ocrx_word' id='word_1_108' title='bbox 2359 1533 2509 1592; x_wconf 93' lang='lat' dir='ltr'><strong>poe-</strong></span> 
     </span>
     <span class='ocr_line' id='line_1_14' title="bbox 461 1608 2510 1688; baseline 0.001 -21"><span class='ocrx_word' id='word_1_109' title='bbox 461 1627 606 1667; x_wconf 87' lang='lat' dir='ltr'><strong>nam</strong></span> <span class='ocrx_word' id='word_1_110' title='bbox 629 1608 860 1668; x_wconf 88' lang='lat' dir='ltr'><strong>nullam</strong></span> <span class='ocrx_word' id='word_1_111' title='bbox 902 1629 1014 1668; x_wconf 93' lang='lat' dir='ltr'><strong>suo</strong></span> <span class='ocrx_word' id='word_1_112' title='bbox 1041 1609 1294 1687; x_wconf 84' lang='lat' dir='ltr'><strong>dignam</strong></span> <span class='ocrx_word' id='word_1_113' title='bbox 1339 1609 1570 1669; x_wconf 89' lang='lat' dir='ltr'><strong>scelere</strong></span> <span class='ocrx_word' id='word_1_114' title='bbox 1614 1610 1903 1688; x_wconf 83' lang='lat' dir='ltr'><strong>suscepit,</strong></span> <span class='ocrx_word' id='word_1_115' title='bbox 1933 1610 2045 1669; x_wconf 91' lang='lat' dir='ltr'><strong>sed</strong></span> <span class='ocrx_word' id='word_1_116' title='bbox 2087 1609 2168 1668; x_wconf 91' lang='lat' dir='ltr'><strong>ab</strong></span> <span class='ocrx_word' id='word_1_117' title='bbox 2204 1609 2313 1669; x_wconf 89' lang='lat' dir='ltr'><strong>illo</strong></span> <span class='ocrx_word' id='word_1_118' title='bbox 2352 1616 2510 1670; x_wconf 91' lang='lat' dir='ltr'><strong>tem·</strong></span> 
     </span>
     <span class='ocr_line' id='line_1_15' title="bbox 463 1707 2507 1788; baseline 0 -23"><span class='ocrx_word' id='word_1_119' title='bbox 463 1726 615 1785; x_wconf 90' lang='lat' dir='ltr'><strong>pore</strong></span> <span class='ocrx_word' id='word_1_120' title='bbox 641 1728 866 1767; x_wconf 88' lang='lat' dir='ltr'><strong>annum</strong></span> <span class='ocrx_word' id='word_1_121' title='bbox 890 1707 1017 1788; x_wconf 90' lang='lat' dir='ltr'><strong>jam</strong></span> <span class='ocrx_word' id='word_1_122' title='bbox 1043 1707 1294 1767; x_wconf 90' lang='lat' dir='ltr'><strong>tertium</strong></span> <span class='ocrx_word' id='word_1_123' title='bbox 1323 1713 1390 1767; x_wconf 93' lang='lat' dir='ltr'><strong>et</strong></span> <span class='ocrx_word' id='word_1_124' title='bbox 1409 1707 1760 1767; x_wconf 86' lang='lat' dir='ltr'><strong>vicesimum</strong></span> <span class='ocrx_word' id='word_1_125' title='bbox 1786 1712 2028 1785; x_wconf 89' lang='lat' dir='ltr'><strong>regnat,</strong></span> <span class='ocrx_word' id='word_1_126' title='bbox 2050 1711 2118 1766; x_wconf 94' lang='lat' dir='ltr'><strong>et</strong></span> <span class='ocrx_word' id='word_1_127' title='bbox 2143 1707 2235 1765; x_wconf 85' lang='lat' dir='ltr'><strong>ita</strong></span> <span class='ocrx_word' id='word_1_128' title='bbox 2260 1714 2507 1786; x_wconf 88' lang='lat' dir='ltr'><strong>regnat,</strong></span> 
     </span>
    </p>

    <p class='ocr_par' dir='ltr' id='par_1_8' title="bbox 378 1803 2507 2059">
     <span class='ocr_line' id='line_1_16' title="bbox 378 1803 2507 1882; baseline 0.001 -23"><span class='ocrx_word' id='word_1_129' title='bbox 378 1812 438 1859; x_wconf 77' lang='lat'><strong>15</strong></span> <span class='ocrx_word' id='word_1_130' title='bbox 466 1811 538 1863; x_wconf 93' lang='lat' dir='ltr'><strong>ut</strong></span> <span class='ocrx_word' id='word_1_131' title='bbox 565 1824 634 1864; x_wconf 89' lang='lat' dir='ltr'><strong>se</strong></span> <span class='ocrx_word' id='word_1_132' title='bbox 659 1825 783 1864; x_wconf 90' lang='lat' dir='ltr'><strong>non</strong></span> <span class='ocrx_word' id='word_1_133' title='bbox 809 1804 996 1865; x_wconf 88' lang='lat' dir='ltr'><strong>Ponti</strong></span> <span class='ocrx_word' id='word_1_134' title='bbox 1021 1823 1224 1882; x_wconf 92' lang='lat' dir='ltr'><strong>neque</strong></span> <span class='ocrx_word' id='word_1_135' title='bbox 1254 1803 1683 1882; x_wconf 83' lang='lat' dir='ltr'><strong>Cappadociae</strong></span> <span class='ocrx_word' id='word_1_136' title='bbox 1710 1803 1966 1863; x_wconf 89' lang='lat' dir='ltr'><strong>latebris</strong></span> <span class='ocrx_word' id='word_1_137' title='bbox 1993 1803 2300 1863; x_wconf 89' lang='lat' dir='ltr'><strong>occultare</strong></span> <span class='ocrx_word' id='word_1_138' title='bbox 2325 1804 2507 1881; x_wconf 86' lang='lat' dir='ltr'><strong>velit,</strong></span> 
     </span>
     <span class='ocr_line' id='line_1_17' title="bbox 466 1899 2507 1981; baseline 0 -20"><span class='ocrx_word' id='word_1_139' title='bbox 466 1903 577 1961; x_wconf 93' lang='lat' dir='ltr'><strong>sed</strong></span> <span class='ocrx_word' id='word_1_140' title='bbox 603 1922 915 1981; x_wconf 84' lang='lat' dir='ltr'><strong>emergere</strong></span> <span class='ocrx_word' id='word_1_141' title='bbox 942 1922 1021 1962; x_wconf 84' lang='lat' dir='ltr'><strong>ex</strong></span> <span class='ocrx_word' id='word_1_142' title='bbox 1060 1901 1261 1980; x_wconf 89' lang='lat' dir='ltr'><strong>patrio</strong></span> <span class='ocrx_word' id='word_1_143' title='bbox 1287 1920 1481 1979; x_wconf 84' lang='lat' dir='ltr'><strong>regno</strong></span> <span class='ocrx_word' id='word_1_144' title='bbox 1510 1907 1697 1978; x_wconf 91' lang='lat' dir='ltr'><strong>atque</strong></span> <span class='ocrx_word' id='word_1_145' title='bbox 1728 1900 1795 1958; x_wconf 90' lang='lat' dir='ltr'><strong>in</strong></span> <span class='ocrx_word' id='word_1_146' title='bbox 1821 1901 2047 1960; x_wconf 85' lang='lat' dir='ltr'><strong>vestris</strong></span> <span class='ocrx_word' id='word_1_147' title='bbox 2074 1899 2507 1980; x_wconf 77' lang='lat' dir='ltr'><strong>vectigalibUS,</strong></span> 
     </span>
     <span class='ocr_line' id='line_1_18' title="bbox 463 1997 2507 2059; baseline 0 -3"><span class='ocrx_word' id='word_1_148' title='bbox 463 1998 580 2058; x_wconf 90' lang='lat' dir='ltr'><strong>hoc</strong></span> <span class='ocrx_word' id='word_1_149' title='bbox 604 2006 704 2059; x_wconf 91' lang='lat' dir='ltr'><strong>est</strong></span> <span class='ocrx_word' id='word_1_150' title='bbox 728 2001 793 2058; x_wconf 91' lang='lat' dir='ltr'><strong>in</strong></span> <span class='ocrx_word' id='word_1_151' title='bbox 813 1998 1004 2059; x_wconf 89' lang='lat' dir='ltr'><strong>Asiae</strong></span> <span class='ocrx_word' id='word_1_152' title='bbox 1032 1998 1170 2058; x_wconf 90' lang='lat' dir='ltr'><strong>luce</strong></span> <span class='ocrx_word' id='word_1_153' title='bbox 1191 1998 1436 2058; x_wconf 87' lang='lat' dir='ltr'><strong>versari.</strong></span> <span class='ocrx_word' id='word_1_154' title='bbox 1521 1997 1774 2057; x_wconf 82' lang='lat' dir='ltr'><strong>Etenim</strong></span> <span class='ocrx_word' id='word_1_155' title='bbox 1796 1997 1993 2057; x_wconf 90' lang='lat' dir='ltr'><strong>adhuc</strong></span> <span class='ocrx_word' id='word_1_156' title='bbox 2020 1998 2112 2056; x_wconf 89' lang='lat' dir='ltr'><strong>ita</strong></span> <span class='ocrx_word' id='word_1_157' title='bbox 2138 1997 2337 2057; x_wconf 89' lang='lat' dir='ltr'><strong>nostri</strong></span> <span class='ocrx_word' id='word_1_158' title='bbox 2362 2018 2507 2058; x_wconf 92' lang='lat' dir='ltr'><strong>cum</strong></span> 
     </span>
    </p>

    <p class='ocr_par' dir='ltr' id='par_1_9' title="bbox 359 2094 2509 2176">
     <span class='ocr_line' id='line_1_19' title="bbox 359 2094 2509 2176; baseline 0.002 -24"><span class='ocrx_word' id='word_1_159' title='bbox 359 2126 363 2130; x_wconf 61' lang='lat'>&gt;</span> <span class='ocrx_word' id='word_1_160' title='bbox 463 2094 572 2164; x_wconf 88' lang='lat' dir='ltr'><strong>illo</strong></span> <span class='ocrx_word' id='word_1_161' title='bbox 597 2115 746 2174; x_wconf 89' lang='lat' dir='ltr'><strong>rege</strong></span> <span class='ocrx_word' id='word_1_162' title='bbox 786 2095 1233 2155; x_wconf 89' lang='lat' dir='ltr'><strong>contenderunt</strong></span> <span class='ocrx_word' id='word_1_163' title='bbox 1271 2095 1693 2173; x_wconf 87' lang='lat' dir='ltr'><strong>imperatores,</strong></span> <span class='ocrx_word' id='word_1_164' title='bbox 1720 2100 1793 2162; x_wconf 81' lang='lat' dir='ltr'><strong>ut</strong></span> <span class='ocrx_word' id='word_1_165' title='bbox 1820 2095 1901 2155; x_wconf 88' lang='lat' dir='ltr'><strong>ab</strong></span> <span class='ocrx_word' id='word_1_166' title='bbox 1938 2094 2046 2155; x_wconf 94' lang='lat' dir='ltr'><strong>illo</strong></span> <span class='ocrx_word' id='word_1_167' title='bbox 2080 2095 2354 2176; x_wconf 89' lang='lat' dir='ltr'><strong>insignia</strong></span> <span class='ocrx_word' id='word_1_168' title='bbox 2381 2097 2509 2156; x_wconf 88' lang='lat' dir='ltr'><strong>vic-</strong></span> 
     </span>
    </p>
   </div>
   <div class='ocr_carea' id='block_1_3' title="bbox 462 2191 2601 2270">
    <p class='ocr_par' dir='ltr' id='par_1_10' title="bbox 462 2191 2601 2270">
     <span class='ocr_line' id='line_1_20' title="bbox 462 2191 2601 2270; baseline 0.001 -21"><span class='ocrx_word' id='word_1_169' title='bbox 462 2191 677 2267; x_wconf 86' lang='lat' dir='ltr'><strong>toriae,</strong></span> <span class='ocrx_word' id='word_1_170' title='bbox 714 2212 837 2250; x_wconf 90' lang='lat' dir='ltr'><strong>non</strong></span> <span class='ocrx_word' id='word_1_171' title='bbox 877 2192 1197 2251; x_wconf 88' lang='lat' dir='ltr'><strong>victoriam</strong></span> <span class='ocrx_word' id='word_1_172' title='bbox 1237 2198 1641 2268; x_wconf 83' lang='lat' dir='ltr'><strong>reportarent.</strong></span> <span class='ocrx_word' id='word_1_173' title='bbox 1725 2191 2153 2270; x_wconf 82' lang='lat' dir='ltr'><strong>Triumpbavit</strong></span> <span class='ocrx_word' id='word_1_174' title='bbox 2192 2192 2260 2253; x_wconf 91' lang='lat' dir='ltr'><strong>L.</strong></span> <span class='ocrx_word' id='word_1_175' title='bbox 2310 2192 2508 2270; x_wconf 86' lang='lat' dir='ltr'><strong>Sulla,</strong></span> <span class='ocrx_word' id='word_1_176' title='bbox 2596 2236 2601 2239; x_wconf 91' lang='lat'>-</span> 
     </span>
    </p>
   </div>
   <div class='ocr_carea' id='block_1_4' title="bbox 374 2287 2558 3893">
    <p class='ocr_par' dir='ltr' id='par_1_11' title="bbox 375 2287 2558 2754">
     <span class='ocr_line' id='line_1_21' title="bbox 375 2287 2508 2365; baseline 0.002 -20"><span class='ocrx_word' id='word_1_177' title='bbox 375 2298 440 2345; x_wconf 86' lang='lat'><strong>20</strong></span> <span class='ocrx_word' id='word_1_178' title='bbox 463 2287 868 2365; x_wconf 88' lang='lat' dir='ltr'><strong>triumphavit</strong></span> <span class='ocrx_word' id='word_1_179' title='bbox 904 2288 974 2348; x_wconf 90' lang='lat' dir='ltr'><strong>L.</strong></span> <span class='ocrx_word' id='word_1_180' title='bbox 1005 2287 1261 2347; x_wconf 89' lang='lat' dir='ltr'><strong>Murena</strong></span> <span class='ocrx_word' id='word_1_181' title='bbox 1288 2288 1368 2347; x_wconf 91' lang='lat' dir='ltr'><strong>de</strong></span> <span class='ocrx_word' id='word_1_182' title='bbox 1397 2288 1774 2365; x_wconf 86' lang='lat' dir='ltr'><strong>Mithridate,</strong></span> <span class='ocrx_word' id='word_1_183' title='bbox 1802 2290 1924 2348; x_wconf 92' lang='lat' dir='ltr'><strong>duo</strong></span> <span class='ocrx_word' id='word_1_184' title='bbox 1951 2290 2269 2348; x_wconf 83' lang='lat' dir='ltr'><strong>fortissimi</strong></span> <span class='ocrx_word' id='word_1_185' title='bbox 2295 2290 2412 2349; x_wconf 83' lang='lat' dir='ltr'><strong>viri</strong></span> <span class='ocrx_word' id='word_1_186' title='bbox 2438 2296 2508 2349; x_wconf 91' lang='lat' dir='ltr'><strong>et</strong></span> 
     </span>
     <span class='ocr_line' id='line_1_22' title="bbox 464 2384 2507 2464; baseline 0.001 -23"><span class='ocrx_word' id='word_1_187' title='bbox 464 2384 685 2442; x_wconf 91' lang='lat' dir='ltr'><strong>summi</strong></span> <span class='ocrx_word' id='word_1_188' title='bbox 726 2384 1160 2461; x_wconf 82' lang='lat' dir='ltr'><strong>imperatores3</strong></span> <span class='ocrx_word' id='word_1_189' title='bbox 1216 2385 1327 2443; x_wconf 90' lang='lat' dir='ltr'><strong>sed</strong></span> <span class='ocrx_word' id='word_1_190' title='bbox 1369 2386 1459 2443; x_wconf 87' lang='lat' dir='ltr'><strong>ita</strong></span> <span class='ocrx_word' id='word_1_191' title='bbox 1503 2385 1975 2464; x_wconf 89' lang='lat' dir='ltr'><strong>triumpharunt,</strong></span> <span class='ocrx_word' id='word_1_192' title='bbox 2018 2390 2091 2443; x_wconf 89' lang='lat' dir='ltr'><strong>ut</strong></span> <span class='ocrx_word' id='word_1_193' title='bbox 2134 2385 2240 2445; x_wconf 89' lang='lat' dir='ltr'><strong>ille</strong></span> <span class='ocrx_word' id='word_1_194' title='bbox 2287 2385 2507 2464; x_wconf 91' lang='lat' dir='ltr'><strong>pulsus</strong></span> 
     </span>
     <span class='ocr_line' id='line_1_23' title="bbox 463 2480 2558 2560; baseline 0.001 -21"><span class='ocrx_word' id='word_1_195' title='bbox 463 2486 908 2558; x_wconf 89' lang='lat' dir='ltr'><strong>superatusque</strong></span> <span class='ocrx_word' id='word_1_196' title='bbox 950 2487 1253 2559; x_wconf 88' lang='lat' dir='ltr'><strong>regnaret.</strong></span> <span class='ocrx_word' id='word_1_197' title='bbox 1336 2480 1571 2541; x_wconf 88' lang='lat' dir='ltr'><strong>Verum</strong></span> <span class='ocrx_word' id='word_1_198' title='bbox 1615 2487 1826 2541; x_wconf 90' lang='lat' dir='ltr'><strong>tamen</strong></span> <span class='ocrx_word' id='word_1_199' title='bbox 1866 2481 1990 2541; x_wconf 90' lang='lat' dir='ltr'><strong>illis</strong></span> <span class='ocrx_word' id='word_1_200' title='bbox 2030 2482 2507 2560; x_wconf 87' lang='lat' dir='ltr'><strong>imperatoribus</strong></span> <span class='ocrx_word' id='word_1_201' title='bbox 2550 2513 2558 2520; x_wconf 93' lang='lat'><strong>·</strong></span> 
     </span>
     <span class='ocr_line' id='line_1_24' title="bbox 461 2576 2509 2656; baseline 0.001 -20"><span class='ocrx_word' id='word_1_202' title='bbox 461 2577 596 2637; x_wconf 90' lang='lat' dir='ltr'><strong>laus</strong></span> <span class='ocrx_word' id='word_1_203' title='bbox 641 2584 740 2637; x_wconf 92' lang='lat' dir='ltr'><strong>est</strong></span> <span class='ocrx_word' id='word_1_204' title='bbox 781 2578 1123 2654; x_wconf 89' lang='lat' dir='ltr'><strong>tribuenda,</strong></span> <span class='ocrx_word' id='word_1_205' title='bbox 1151 2576 1318 2656; x_wconf 90' lang='lat' dir='ltr'><strong>quod</strong></span> <span class='ocrx_word' id='word_1_206' title='bbox 1362 2584 1649 2656; x_wconf 87' lang='lat' dir='ltr'><strong>egerunt,</strong></span> <span class='ocrx_word' id='word_1_207' title='bbox 1689 2579 1871 2638; x_wconf 87' lang='lat' dir='ltr'><strong>venia</strong></span> <span class='ocrx_word' id='word_1_208' title='bbox 1910 2578 2133 2653; x_wconf 90' lang='lat' dir='ltr'><strong>danda,</strong></span> <span class='ocrx_word' id='word_1_209' title='bbox 2162 2578 2331 2656; x_wconf 91' lang='lat' dir='ltr'><strong>quod</strong></span> <span class='ocrx_word' id='word_1_210' title='bbox 2370 2579 2509 2638; x_wconf 91' lang='lat' dir='ltr'><strong>reli-</strong></span> 
     </span>
     <span class='ocr_line' id='line_1_25' title="bbox 463 2665 2507 2754; baseline 0.001 -21"><span class='ocrx_word' id='word_1_211' title='bbox 463 2681 763 2753; x_wconf 84' lang='lat' dir='ltr'><strong>querunt3</strong></span> <span class='ocrx_word' id='word_1_212' title='bbox 804 2682 1133 2754; x_wconf 88' lang='lat' dir='ltr'><strong>propterea</strong></span> <span class='ocrx_word' id='word_1_213' title='bbox 1161 2675 1326 2753; x_wconf 85' lang='lat' dir='ltr'><strong>quod</strong></span> <span class='ocrx_word' id='word_1_214' title='bbox 1355 2675 1435 2733; x_wconf 89' lang='lat' dir='ltr'><strong>ab</strong></span> <span class='ocrx_word' id='word_1_215' title='bbox 1464 2695 1539 2734; x_wconf 93' lang='lat' dir='ltr'><strong>eo</strong></span> <span class='ocrx_word' id='word_1_216' title='bbox 1579 2674 1745 2733; x_wconf 92' lang='lat' dir='ltr'><strong>bello</strong></span> <span class='ocrx_word' id='word_1_217' title='bbox 1775 2674 2010 2734; x_wconf 82' lang='lat' dir='ltr'><strong>Sullam</strong></span> <span class='ocrx_word' id='word_1_218' title='bbox 2033 2674 2098 2732; x_wconf 89' lang='lat' dir='ltr'><strong>in</strong></span> <span class='ocrx_word' id='word_1_219' title='bbox 2134 2665 2381 2734; x_wconf 84' lang='lat' dir='ltr'><strong>Italiam</strong></span> <span class='ocrx_word' id='word_1_220' title='bbox 2404 2696 2507 2735; x_wconf 91' lang='lat' dir='ltr'><strong>res</strong></span> 
     </span>
    </p>

    <p class='ocr_par' dir='ltr' id='par_1_12' title="bbox 374 2771 1631 2852">
     <span class='ocr_line' id='line_1_26' title="bbox 374 2771 1631 2852; baseline 0.001 -23"><span class='ocrx_word' id='word_1_221' title='bbox 374 2784 438 2829; x_wconf 81' lang='lat'><strong>25</strong></span> <span class='ocrx_word' id='word_1_222' title='bbox 464 2772 725 2852; x_wconf 89' lang='lat' dir='ltr'><strong>publica,</strong></span> <span class='ocrx_word' id='word_1_223' title='bbox 754 2772 1073 2832; x_wconf 90' lang='lat' dir='ltr'><strong>Murenam</strong></span> <span class='ocrx_word' id='word_1_224' title='bbox 1104 2771 1276 2832; x_wconf 82' lang='lat' dir='ltr'><strong>Sulla</strong></span> <span class='ocrx_word' id='word_1_225' title='bbox 1302 2771 1631 2831; x_wconf 85' lang='lat' dir='ltr'><strong>revocavit.</strong></span> 
     </span>
    </p>

    <p class='ocr_par' dir='ltr' id='par_1_13' title="bbox 463 2867 2508 3237">
     <span class='ocr_line' id='line_1_27' title="bbox 582 2867 2506 2947; baseline 0.002 -21"><span class='ocrx_word' id='word_1_226' title='bbox 582 2868 696 2929; x_wconf 87' lang='lat' dir='ltr'><strong>IV.</strong></span> <span class='ocrx_word' id='word_1_227' title='bbox 741 2868 1138 2927; x_wconf 85' lang='lat' dir='ltr'><strong>Mithridates</strong></span> <span class='ocrx_word' id='word_1_228' title='bbox 1182 2874 1392 2927; x_wconf 88' lang='lat' dir='ltr'><strong>autem</strong></span> <span class='ocrx_word' id='word_1_229' title='bbox 1432 2888 1613 2928; x_wconf 88' lang='lat' dir='ltr'><strong>omne</strong></span> <span class='ocrx_word' id='word_1_230' title='bbox 1652 2867 1953 2946; x_wconf 89' lang='lat' dir='ltr'><strong>reliquum</strong></span> <span class='ocrx_word' id='word_1_231' title='bbox 1995 2875 2239 2947; x_wconf 91' lang='lat' dir='ltr'><strong>tempus</strong></span> <span class='ocrx_word' id='word_1_232' title='bbox 2270 2889 2397 2929; x_wconf 90' lang='lat' dir='ltr'><strong>non</strong></span> <span class='ocrx_word' id='word_1_233' title='bbox 2426 2870 2506 2929; x_wconf 90' lang='lat' dir='ltr'><strong>ad</strong></span> 
     </span>
     <span class='ocr_line' id='line_1_28' title="bbox 463 2964 2508 3043; baseline 0.001 -20"><span class='ocrx_word' id='word_1_234' title='bbox 463 2964 830 3023; x_wconf 82' lang='lat' dir='ltr'><strong>oblivionem</strong></span> <span class='ocrx_word' id='word_1_235' title='bbox 867 2966 1096 3024; x_wconf 87' lang='lat' dir='ltr'><strong>veteris</strong></span> <span class='ocrx_word' id='word_1_236' title='bbox 1137 2964 1304 3040; x_wconf 89' lang='lat' dir='ltr'><strong>belli,</strong></span> <span class='ocrx_word' id='word_1_237' title='bbox 1336 2965 1448 3024; x_wconf 91' lang='lat' dir='ltr'><strong>sed</strong></span> <span class='ocrx_word' id='word_1_238' title='bbox 1490 2965 1571 3023; x_wconf 90' lang='lat' dir='ltr'><strong>ad</strong></span> <span class='ocrx_word' id='word_1_239' title='bbox 1614 2966 2139 3043; x_wconf 89' lang='lat' dir='ltr'><strong>comparationem</strong></span> <span class='ocrx_word' id='word_1_240' title='bbox 2179 2967 2325 3027; x_wconf 88' lang='lat' dir='ltr'><strong>novi</strong></span> <span class='ocrx_word' id='word_1_241' title='bbox 2368 2987 2508 3026; x_wconf 89' lang='lat' dir='ltr'><strong>con·</strong></span> 
     </span>
     <span class='ocr_line' id='line_1_29' title="bbox 463 3060 2506 3146; baseline 0.002 -27"><span class='ocrx_word' id='word_1_242' title='bbox 463 3060 671 3146; x_wconf 35' lang='lat' dir='ltr'><strong>tulitz·</strong></span> <span class='ocrx_word' id='word_1_243' title='bbox 697 3060 803 3137; x_wconf 90' lang='lat' dir='ltr'><strong>qui</strong></span> <span class='ocrx_word' id='word_1_244' title='bbox 847 3066 1065 3136; x_wconf 90' lang='lat' dir='ltr'><strong>postea</strong></span> <span class='ocrx_word' id='word_1_245' title='bbox 1103 3080 1287 3138; x_wconf 88' lang='lat' dir='ltr'><strong>quam</strong></span> <span class='ocrx_word' id='word_1_246' title='bbox 1330 3062 1629 3121; x_wconf 84' lang='lat' dir='ltr'><strong>maximas</strong></span> <span class='ocrx_word' id='word_1_247' title='bbox 1673 3061 2061 3121; x_wconf 87' lang='lat' dir='ltr'><strong>aedificasset</strong></span> <span class='ocrx_word' id='word_1_248' title='bbox 2103 3069 2506 3141; x_wconf 88' lang='lat' dir='ltr'><strong>ornassetque</strong></span> 
     </span>
     <span class='ocr_line' id='line_1_30' title="bbox 464 3156 2507 3237; baseline 0.001 -21"><span class='ocrx_word' id='word_1_249' title='bbox 464 3156 692 3216; x_wconf 88' lang='lat' dir='ltr'><strong>classes</strong></span> <span class='ocrx_word' id='word_1_250' title='bbox 719 3156 1144 3233; x_wconf 86' lang='lat' dir='ltr'><strong>exercitusque</strong></span> <span class='ocrx_word' id='word_1_251' title='bbox 1185 3177 1558 3234; x_wconf 88' lang='lat' dir='ltr'><strong>permagnos</strong></span> <span class='ocrx_word' id='word_1_252' title='bbox 1586 3158 2067 3236; x_wconf 90' lang='lat' dir='ltr'><strong>quibuscumque</strong></span> <span class='ocrx_word' id='word_1_253' title='bbox 2095 3178 2177 3218; x_wconf 84' lang='lat' dir='ltr'><strong>ex</strong></span> <span class='ocrx_word' id='word_1_254' title='bbox 2209 3160 2507 3237; x_wconf 88' lang='lat' dir='ltr'><strong>gentibus</strong></span> 
     </span>
    </p>

    <p class='ocr_par' dir='ltr' id='par_1_14' title="bbox 377 3252 2510 3720">
     <span class='ocr_line' id='line_1_31' title="bbox 377 3252 2508 3332; baseline 0.001 -19"><span class='ocrx_word' id='word_1_255' title='bbox 377 3265 442 3313; x_wconf 82' lang='lat'><strong>80</strong></span> <span class='ocrx_word' id='word_1_256' title='bbox 465 3258 681 3332; x_wconf 91' lang='lat' dir='ltr'><strong>posset</strong></span> <span class='ocrx_word' id='word_1_257' title='bbox 707 3260 1121 3330; x_wconf 88' lang='lat' dir='ltr'><strong>comparasset</strong></span> <span class='ocrx_word' id='word_1_258' title='bbox 1148 3259 1213 3312; x_wconf 87' lang='lat' dir='ltr'><strong>et</strong></span> <span class='ocrx_word' id='word_1_259' title='bbox 1252 3274 1318 3312; x_wconf 89' lang='lat' dir='ltr'><strong>se</strong></span> <span class='ocrx_word' id='word_1_260' title='bbox 1359 3252 1755 3331; x_wconf 81' lang='lat' dir='ltr'><strong>BosporaniS,</strong></span> <span class='ocrx_word' id='word_1_261' title='bbox 1784 3254 2060 3313; x_wconf 87' lang='lat' dir='ltr'><strong>finitimis</strong></span> <span class='ocrx_word' id='word_1_262' title='bbox 2100 3256 2247 3332; x_wconf 82' lang='lat' dir='ltr'><strong>suiS,</strong></span> <span class='ocrx_word' id='word_1_263' title='bbox 2276 3255 2508 3315; x_wconf 92' lang='lat' dir='ltr'><strong>bellum</strong></span> 
     </span>
     <span class='ocr_line' id='line_1_32' title="bbox 463 3348 2508 3429; baseline 0.003 -20"><span class='ocrx_word' id='word_1_264' title='bbox 463 3350 686 3410; x_wconf 89' lang='lat' dir='ltr'><strong>inferre</strong></span> <span class='ocrx_word' id='word_1_265' title='bbox 731 3348 1062 3426; x_wconf 89' lang='lat' dir='ltr'><strong>simularet,</strong></span> <span class='ocrx_word' id='word_1_266' title='bbox 1102 3370 1299 3428; x_wconf 90' lang='lat' dir='ltr'><strong>usque</strong></span> <span class='ocrx_word' id='word_1_267' title='bbox 1342 3350 1408 3407; x_wconf 91' lang='lat' dir='ltr'><strong>in</strong></span> <span class='ocrx_word' id='word_1_268' title='bbox 1451 3349 1820 3429; x_wconf 90' lang='lat' dir='ltr'><strong>Hispaniam</strong></span> <span class='ocrx_word' id='word_1_269' title='bbox 1863 3351 2108 3429; x_wconf 85' lang='lat' dir='ltr'><strong>legatos</strong></span> <span class='ocrx_word' id='word_1_270' title='bbox 2150 3372 2223 3411; x_wconf 91' lang='lat' dir='ltr'><strong>ac</strong></span> <span class='ocrx_word' id='word_1_271' title='bbox 2263 3352 2508 3415; x_wconf 87' lang='lat' dir='ltr'><strong>litteras</strong></span> 
     </span>
     <span class='ocr_line' id='line_1_33' title="bbox 466 3447 2510 3528; baseline 0.001 -21"><span class='ocrx_word' id='word_1_272' title='bbox 466 3447 634 3507; x_wconf 88' lang='lat' dir='ltr'><strong>misit</strong></span> <span class='ocrx_word' id='word_1_273' title='bbox 671 3447 752 3505; x_wconf 91' lang='lat' dir='ltr'><strong>ad</strong></span> <span class='ocrx_word' id='word_1_274' title='bbox 787 3467 895 3507; x_wconf 92' lang='lat' dir='ltr'><strong>eos</strong></span> <span class='ocrx_word' id='word_1_275' title='bbox 924 3448 1131 3523; x_wconf 77' lang='lat' dir='ltr'><strong>dueeS,</strong></span> <span class='ocrx_word' id='word_1_276' title='bbox 1160 3448 1523 3522; x_wconf 89' lang='lat' dir='ltr'><strong>quibuscum</strong></span> <span class='ocrx_word' id='word_1_277' title='bbox 1564 3453 1698 3506; x_wconf 91' lang='lat' dir='ltr'><strong>tum</strong></span> <span class='ocrx_word' id='word_1_278' title='bbox 1735 3448 1966 3507; x_wconf 90' lang='lat' dir='ltr'><strong>bellum</strong></span> <span class='ocrx_word' id='word_1_279' title='bbox 2003 3448 2386 3527; x_wconf 88' lang='lat' dir='ltr'><strong>gerebamus,</strong></span> <span class='ocrx_word' id='word_1_280' title='bbox 2414 3456 2510 3528; x_wconf 91' lang='lat' dir='ltr'><strong>ut,</strong></span> 
     </span>
     <span class='ocr_line' id='line_1_34' title="bbox 467 3542 2510 3625; baseline 0 -21"><span class='ocrx_word' id='word_1_281' title='bbox 467 3565 653 3625; x_wconf 91' lang='lat' dir='ltr'><strong>quum</strong></span> <span class='ocrx_word' id='word_1_282' title='bbox 695 3543 934 3603; x_wconf 88' lang='lat' dir='ltr'><strong>duobus</strong></span> <span class='ocrx_word' id='word_1_283' title='bbox 978 3543 1045 3601; x_wconf 91' lang='lat' dir='ltr'><strong>in</strong></span> <span class='ocrx_word' id='word_1_284' title='bbox 1087 3542 1238 3602; x_wconf 93' lang='lat' dir='ltr'><strong>locis</strong></span> <span class='ocrx_word' id='word_1_285' title='bbox 1284 3543 1781 3622; x_wconf 87' lang='lat' dir='ltr'><strong>disjunctissimis</strong></span> <span class='ocrx_word' id='word_1_286' title='bbox 1824 3544 2211 3622; x_wconf 82' lang='lat' dir='ltr'><strong>maximeque</strong></span> <span class='ocrx_word' id='word_1_287' title='bbox 2252 3546 2510 3605; x_wconf 89' lang='lat' dir='ltr'><strong>diversis</strong></span> 
     </span>
     <span class='ocr_line' id='line_1_35' title="bbox 469 3639 2510 3720; baseline -0 -18"><span class='ocrx_word' id='word_1_288' title='bbox 469 3662 591 3702; x_wconf 90' lang='lat' dir='ltr'><strong>uno</strong></span> <span class='ocrx_word' id='word_1_289' title='bbox 636 3640 891 3701; x_wconf 89' lang='lat' dir='ltr'><strong>consilio</strong></span> <span class='ocrx_word' id='word_1_290' title='bbox 920 3660 957 3699; x_wconf 94' lang='lat' dir='ltr'><strong>a</strong></span> <span class='ocrx_word' id='word_1_291' title='bbox 995 3640 1156 3699; x_wconf 92' lang='lat' dir='ltr'><strong>binis</strong></span> <span class='ocrx_word' id='word_1_292' title='bbox 1197 3639 1472 3698; x_wconf 92' lang='lat' dir='ltr'><strong>hostium</strong></span> <span class='ocrx_word' id='word_1_293' title='bbox 1517 3642 1708 3719; x_wconf 89' lang='lat' dir='ltr'><strong>copiis</strong></span> <span class='ocrx_word' id='word_1_294' title='bbox 1752 3640 1981 3700; x_wconf 90' lang='lat' dir='ltr'><strong>bellum</strong></span> <span class='ocrx_word' id='word_1_295' title='bbox 2026 3646 2190 3701; x_wconf 85' lang='lat' dir='ltr'><strong>terra</strong></span> <span class='ocrx_word' id='word_1_296' title='bbox 2232 3643 2510 3720; x_wconf 89' lang='lat' dir='ltr'><strong>marique</strong></span> 
     </span>
    </p>

    <p class='ocr_par' dir='ltr' id='par_1_15' title="bbox 381 3732 2514 3893">
     <span class='ocr_line' id='line_1_36' title="bbox 381 3732 2514 3817; baseline 0 -20"><span class='ocrx_word' id='word_1_297' title='bbox 381 3750 444 3797; x_wconf 79' lang='lat'><strong>35</strong></span> <span class='ocrx_word' id='word_1_298' title='bbox 470 3746 805 3817; x_wconf 87' lang='lat' dir='ltr'><strong>gereretur,</strong></span> <span class='ocrx_word' id='word_1_299' title='bbox 825 3758 937 3800; x_wconf 88' lang='lat' dir='ltr'><strong>vos</strong></span> <span class='ocrx_word' id='word_1_300' title='bbox 965 3736 1213 3815; x_wconf 88' lang='lat' dir='ltr'><strong>ancipiti</strong></span> <span class='ocrx_word' id='word_1_301' title='bbox 1234 3732 1631 3796; x_wconf 85' lang='lat' dir='ltr'><strong>contentione</strong></span> <span class='ocrx_word' id='word_1_302' title='bbox 1661 3737 1923 3810; x_wconf 88' lang='lat' dir='ltr'><strong>districti</strong></span> <span class='ocrx_word' id='word_1_303' title='bbox 1943 3736 2022 3796; x_wconf 90' lang='lat' dir='ltr'><strong>de</strong></span> <span class='ocrx_word' id='word_1_304' title='bbox 2048 3737 2307 3815; x_wconf 90' lang='lat' dir='ltr'><strong>imperio</strong></span> <span class='ocrx_word' id='word_1_305' title='bbox 2334 3739 2514 3797; x_wconf 89' lang='lat' dir='ltr'><strong>dimi·</strong></span> 
     </span>
     <span class='ocr_line' id='line_1_37' title="bbox 473 3836 710 3893; baseline 0.004 -1"><span class='ocrx_word' id='word_1_306' title='bbox 473 3836 710 3893; x_wconf 79' lang='lat' dir='ltr'><strong>caretis,</strong></span> 
     </span>
    </p>
   </div>
  </div>
 </body>
</html>
