2725 4299
332 268 452 328 114
887 266 1017 315 PRO
1061 265 1236 315 REGE
1280 266 1615 315 DEIOTARO
1660 265 1916 316 ORATIO.

436 435 573 504 set3
628 428 763 506 ipse
810 428 977 487 enim
1025 408 1405 506 mansuetu8‚
1450 449 1660 490 versus
1708 429 2012 489 immanis,
2099 426 2226 501 Qui
2275 438 2484 490 autem

436 525 712 584 Domitio
739 532 987 603 poterat
1016 546 1154 586 esse
1182 527 1430 602 amicus,
1451 527 1557 604 qui
1583 527 1701 586 tibi
1729 532 1896 586 esset
1922 526 2210 585 inimicus
2231 528 2262 586 Ρ
2345 527 2485 586 Tibi

435 641 615 701 porro
662 622 947 681 inimicus
995 643 1105 682 cur
1150 629 1338 700 esset,
1381 644 1419 682 a
1461 643 1584 700 quo
1629 643 1819 701 quum
1864 622 1968 683 vel
2021 622 2286 683 interfici
2336 624 2485 684 belli

435 719 577 798 lege
617 720 948 797 potuisset,
974 739 1188 799 regem
1216 726 1281 780 et
1310 740 1380 780 se
1408 727 1475 780 et
1501 719 1692 778 filium
1726 740 1903 779 suum
1932 721 2314 780 constitutos
2345 741 2485 781 esse

382 828 411 876 5
437 815 819 876 meminisset
839 818 870 876 Ρ

555 911 722 986 Quid
768 912 994 972 deinde
1015 914 1047 974 Ρ
1154 912 1433 972 Furcifer
1486 932 1610 990 quo
1668 912 2037 991 progeditur
2055 914 2087 974 Ρ
2195 909 2316 972 Ait
2370 913 2488 974 hac

433 1009 672 1070 laetitia
698 1009 1054 1069 Deiotarum
1099 1008 1330 1068 elatum
1358 1009 1505 1070 vino
1547 1027 1614 1068 se
1657 1009 1933 1069 obruisse
1975 1011 2042 1067 in
2077 1012 2487 1089 convivioque

434 1107 666 1166 nudum
687 1105 1023 1166 saltavisse.
1107 1104 1283 1179 Quae
1304 1125 1452 1165 crux
1471 1105 1615 1164 huic
1634 1106 1900 1185 fugitivo
1926 1113 2141 1185 potest
2157 1108 2314 1167 satis
2344 1128 2489 1186 sup-
2545 1174 2555 1185 ι

433 1202 606 1281 plicii
632 1203 847 1262 afferre
871 1204 902 1262 Ρ
981 1202 1342 1261 Deiotarum
1384 1200 1718 1261 saltantem
1748 1203 2070 1280 quisquam
2100 1209 2209 1262 aut
2237 1204 2487 1263 ebrium

348 1312 411 1361 10
438 1299 590 1359 vidit
616 1318 883 1375 unquam
906 1300 937 1358 Ρ
1017 1297 1250 1358 Omnes
1274 1299 1339 1356 in
1362 1298 1472 1357 illo
1492 1305 1650 1357 sunt
1659 1300 1870 1378 regiae
1889 1300 2174 1376 virtuteS,
2197 1301 2369 1378 quod
2396 1308 2486 1378 te,

435 1395 680 1471 Caesar,
708 1396 992 1473 ignorare
1031 1415 1156 1454 non
1198 1395 1480 1471 arbitror,
1510 1394 1624 1454 sed
1663 1396 1992 1474 praecipue
2034 1395 2369 1474 singularis
2416 1404 2488 1457 et

433 1491 788 1551 admiranda
810 1491 1137 1570 frugalitas
1160 1514 1177 1568 3
1220 1493 1341 1551 etsi
1362 1491 1478 1551 hoc
1499 1492 1689 1551 verbo
1710 1493 1838 1551 scio
1858 1492 2090 1551 laudari
2117 1513 2332 1571 regern
2356 1515 2485 1553 non

434 1588 646 1648 solere.
732 1588 928 1667 Frugi
970 1588 1277 1648 hominem
1305 1589 1432 1647 dici
1476 1609 1600 1647 non
1646 1589 1909 1648 multum
1951 1589 2141 1649 habet
2176 1589 2386 1649 laudis
2415 1591 2484 1649 in

433 1705 619 1764 rege:
661 1686 904 1762 fortem,
930 1686 1185 1765 justum,
1217 1706 1520 1762 severum,
1554 1707 1828 1764 gravem,
1858 1687 2336 1764 magnanimum,
2367 1687 2487 1746 lar·

346 1797 408 1845 15
435 1805 602 1864 gum,
630 1783 991 1859 beneficum,
1019 1782 1355 1859 liberalem,
1385 1783 1503 1842 hae
1531 1790 1677 1841 sunt
1710 1784 1918 1862 regiae
1945 1782 2180 1860 laudes,
2208 1783 2318 1841 illa
2361 1785 2486 1862 pri·

433 1889 580 1943 vata
608 1888 722 1941 est.
808 1880 902 1939 Ut
928 1879 1098 1940 volet
1127 1881 1404 1958 quisque,
1433 1880 1732 1957 accipiat3
1775 1900 1895 1958 ego
1921 1886 2130 1939 tamen
2159 1880 2486 1959 frugalita-

433 1985 582 2055 tem,
611 1979 675 2037 id
705 1989 803 2037 est
829 1977 1191 2036 modestiam
1222 1983 1288 2036 et
1314 1977 1805 2054 temperantiam,
1827 1977 2116 2036 virtutem
2143 1978 2482 2036 maximam

431 2075 659 2156 judicO.
746 2072 920 2131 Haec
950 2074 1013 2130 in
1053 2072 1161 2131 illo
1198 2079 1297 2133 est
1324 2073 1403 2131 ab
1430 2074 1683 2133 ineunte
1724 2079 1933 2133 aetate
1973 2094 2159 2152 quum
2188 2095 2226 2132 a
2253 2081 2483 2134 cuncta

431 2171 606 2247 Asia,
655 2192 841 2249 quum
894 2191 931 2227 a
979 2172 1447 2250 magistratibus
1503 2171 1853 2250 legatisque
1908 2173 2155 2248 nostris,
2202 2178 2339 2230 tum
2397 2174 2481 2233 ab

343 2282 409 2328 2ο
433 2267 742 2346 equitibus
773 2267 1088 2345 RomaniS,
1117 2269 1224 2345 qui
1250 2270 1313 2327 in
1343 2268 1499 2328 Asia
1528 2270 1835 2347 negotiati
1863 2275 2024 2344 sunt,
2052 2275 2383 2347 perspecta
2412 2276 2481 2330 et

430 2369 694 2447 cognita.
780 2365 994 2425 Multis
1024 2365 1128 2425 ille
1158 2366 1402 2441 quidem
1449 2366 1742 2444 gradibus
1782 2367 2110 2424 officiorum
2154 2387 2304 2444 erga
2343 2387 2480 2427 rem

430 2465 737 2544 publicam
764 2470 1039 2524 nostram
1080 2463 1160 2521 ad
1188 2461 1307 2521 hoc
1334 2463 1571 2540 regium
1614 2482 1836 2522 nomen
1879 2464 2189 2540 ascendit3
2232 2464 2346 2523 sed
2389 2471 2482 2522 ta·

429 2586 571 2625 men
600 2564 894 2643 quidquid
921 2583 958 2620 a
989 2560 1167 2621 bellis
1196 2558 1414 2637 populi
1449 2558 1712 2617 Romani
1739 2560 2022 2635 vacabat,
2050 2580 2188 2618 cum
2214 2559 2479 2619 homini-

430 2663 545 2723 bus
573 2663 798 2722 nostris
829 2658 1326 2731 consuetudineS,
1357 2655 1678 2731 amicitias,
1704 2675 1804 2715 res
1831 2656 2218 2734 rationesque
2257 2657 2480 2736 junge·

342 2766 404 2812 25
432 2763 560 2841 bat,
601 2770 674 2823 ut
720 2784 843 2823 non
892 2760 1087 2821 solum
1138 2753 1478 2815 tetrarches
1525 2752 1771 2829 nobilis,
1813 2754 1925 2812 sed
1968 2754 2154 2812 etiam
2200 2754 2477 2831 optimus

428 2867 607 2937 pater
632 2860 895 2918 familias
925 2865 991 2918 et
1014 2852 1525 2933 diligentissimus
1556 2848 1822 2928 agricola
1850 2855 1917 2908 et
1942 2851 2263 2927 pecuarius
2291 2850 2478 2910 habe-

428 2962 611 3015 retur.
697 2954 822 3028 Qui
865 2956 1056 3034 igitur
1097 2950 1479 3025 adolescenS,
1520 2946 1797 3006 nondum
1837 2952 2017 3005 tanta
2059 2947 2256 3025 gloria
2303 2967 2477 3026 prae-

429 3052 619 3129 ditus,
647 3052 801 3110 nihil
842 3072 1112 3129 unquam
1159 3048 1278 3107 nisi
1320 3046 1704 3108 severissime
1738 3049 1805 3104 et
1842 3044 2208 3123 gravissime
2235 3045 2475 3122 fecerit,

429 3149 484 3207 is
514 3169 589 3208 ea
616 3140 1078 3208 existimatione
1111 3165 1306 3224 eaque
1337 3150 1547 3204 aetate
1577 3142 1829 3202 saltavit
1848 3143 1879 3201 Ρ

342 3251 406 3297 30
551 3245 630 3305 Χ.
677 3245 938 3322 Imitari,
967 3244 1205 3318 Castor,
1233 3240 1442 3320 potius
1471 3240 1572 3300 avi
1612 3258 1813 3325 mores
1841 3237 2345 3315 disciplinamque
2373 3239 2477 3299 de-

430 3342 622 3402 bebas
643 3363 823 3420 quam
854 3341 1088 3419 optimo
1117 3345 1182 3398 et
1210 3337 1544 3397 clarissimo
1564 3337 1697 3396 viro
1718 3335 1967 3414 fugitivi
1995 3354 2101 3393 ore
2128 3333 2285 3393 male
2315 3335 2477 3394 dice-

431 3462 513 3501 re.
606 3438 786 3513 Quod
817 3439 869 3501 si
898 3437 1254 3497 saltatorem
1285 3455 1468 3496 avum
1498 3433 1821 3492 habuisses
1850 3452 2051 3509 neque
2081 3451 2221 3490 eum
2250 3431 2474 3508 virum,

430 3539 594 3597 unde
622 3537 873 3615 pudoris
899 3534 1357 3613 pudicitiaeque
1386 3529 1671 3608 exempla
1698 3534 2078 3606 peterentur,
2109 3534 2319 3587 tamen
2353 3527 2474 3587 hoc

430 3633 822 3693 maledictum
849 3631 1099 3688 minime
1143 3629 1208 3685 in
1251 3626 1417 3685 illam
1449 3633 1719 3686 aetatem
1764 3625 2141 3684 conveniret.
2228 3622 2473 3696 Quibus

341 3737 404 3782 35
431 3728 535 3787 ille
565 3730 785 3787 studiis
813 3727 892 3786 ab
918 3727 1172 3786 ineunte
1201 3729 1411 3782 aetate
1440 3743 1506 3781 se
1535 3722 1856 3797 imbuerat,
1886 3741 2010 3781 non
2045 3720 2331 3797 saltandi,
2361 3722 2473 3780 sed

432 3823 587 3878 bene
631 3829 702 3878 ut
746 3823 951 3896 armiS,
980 3820 1215 3896 optime
1258 3823 1332 3875 ut
1375 3818 1552 3893 equis
1595 3824 1891 3893 uteretur,
1930 3838 2003 3876 ea
2045 3823 2252 3876 tamen
2295 3816 2473 3878 illum
