2725 4299
301 251 381 311 20
798 245 873 295 m
916 244 1284 294 cAmmAn
1327 244 1572 294 onAno
1618 243 1936 294 suenum.
2003 256 2012 259 ·

403 416 653 469 muntur
677 429 819 469 aere
848 409 1069 484 alienO,
1097 407 1577 467 dominationem
1597 414 1808 466 tamen
1835 415 2219 487 exspectant,
2239 430 2442 470 rerum

403 508 590 586 potiri
637 507 873 583 volunt,
920 505 1205 581 honores,
1232 524 1388 583 quos
1432 505 1645 582 quieta
1687 524 1755 564 re
1796 504 2048 583 publica
2086 508 2444 585 desperant,

404 604 767 682 perturbata
820 602 1115 680 consequi
1169 621 1235 661 se
1290 621 1476 679 posse
1531 601 1921 662 arbitrantur.
2029 600 2271 675 Quibus
2323 603 2444 663 hoe

403 700 899 778 praecipiendum
926 698 1196 773 videtur,
1221 718 1411 756 unum
1450 696 1689 756 scilicet
1714 702 1782 756 et
1805 698 1971 757 idem
1999 699 2168 776 quod
2189 699 2443 778 reliquis

352 808 382 853 5
406 797 712 873 omnibuS,
738 802 814 854 ut
837 796 1167 873 desperent
1193 814 1261 853 se
1286 794 1351 851 id
1380 793 1546 871 quod
1573 800 1874 853 conantur
1900 796 2191 874 consequi
2216 816 2437 874 posse:

404 895 667 973 primum
707 893 978 952 omnium
1024 912 1125 951 me
1167 891 1372 969 ipsum
1413 890 1692 969 vigilare,
1721 893 1958 969 adesse,
1985 894 2306 970 providere
2346 895 2438 953 rei

403 990 685 1069 publicae
703 1011 721 1066 ;
749 990 972 1049 deinde
988 1007 1247 1067 magnos
1267 988 1506 1047 animos
1522 1007 1660 1047 esse
1680 988 1745 1045 in
1766 989 1947 1048 bonis
1966 990 2132 1066 viriS,
2147 1011 2438 1069 magnam

406 1088 787 1148 concordiam
813 1087 880 1145 in
918 1087 1192 1144 maxima
1230 1084 1649 1161 multitudine,
1675 1106 1933 1164 magnas
1973 1093 2300 1164 praeterea
2339 1107 2442 1146 co-

403 1185 537 1261 pias
563 1184 865 1260 militum3
906 1182 1056 1241 deos
1078 1182 1344 1260 denique
1367 1180 1744 1240 immortales
1769 1181 1911 1240 huic
1929 1183 2163 1242 invicto
2181 1183 2436 1262 populo,

320 1288 377 1335 10
406 1280 737 1339 clarissimo
776 1279 1055 1356 imperio,
1098 1276 1539 1356 pulcherrimae
1581 1277 1722 1337 urbi
1767 1285 1978 1336 contra
2021 1285 2260 1337 tantam
2308 1281 2436 1340 vim

404 1376 652 1437 sceleris
677 1382 1036 1453 praesentes
1057 1373 1353 1433 auxilium
1382 1395 1519 1434 esse
1544 1373 1797 1434 laturos,
1867 1372 2050 1447 Quod
2077 1376 2131 1434 si
2153 1375 2281 1455 jam
2310 1377 2439 1435 sint

404 1474 487 1550 id,
515 1474 679 1551 quod
725 1492 959 1531 summo
995 1473 1200 1531 furore
1241 1472 1517 1549 cupiunt,
1543 1472 1775 1550 adepti,
1802 1492 1950 1530 num
1994 1472 2085 1530 illi
2126 1473 2190 1530 in
2232 1474 2438 1533 cinere

404 1568 575 1629 urbis
603 1574 669 1627 et
695 1568 757 1625 in
788 1567 1088 1645 sanguine
1109 1567 1356 1642 civium,
1378 1586 1536 1644 quae
1556 1573 1766 1626 mente
1787 1566 2086 1626 scelerata
2106 1587 2178 1626 ac
2197 1569 2438 1628 nefaria

406 1665 902 1743 concupiverunt,
930 1684 999 1723 se
1041 1662 1321 1723 consules
1362 1669 1472 1722 aut
1513 1663 1846 1722 dictatores
1885 1670 1996 1721 aut
2036 1664 2227 1723 etiam
2252 1685 2439 1744 reges

321 1773 380 1820 15
408 1768 657 1841 sperant
683 1762 922 1820 futuros
939 1762 970 1821 ’ἓ
1050 1759 1192 1819 Non
1220 1761 1436 1820 vident
1475 1759 1542 1817 id
1568 1779 1636 1818 se
1678 1779 1919 1837 cupere,
1949 1761 2115 1837 quod
2142 1761 2193 1819 si
2220 1761 2438 1840 adepti

405 1861 552 1936 sint,
579 1859 841 1938 fugitivo
869 1856 1052 1917 alicui
1080 1862 1190 1915 aut
1213 1855 1542 1935 gladiatori
1568 1856 1821 1915 concedi
1847 1857 1937 1914 sit
1959 1876 2227 1917 necesse.

524 1956 798 2016 Tertium
827 1974 1024 2033 genus
1053 1960 1151 2014 est
1178 1959 1387 2012 aetate
1407 1953 1533 2032 jam
1561 1954 1867 2028 affectum,
1895 1953 2007 2011 sed
2033 1958 2240 2014 tamen
2267 1974 2441 2014 exer-

405 2053 701 2114 citatione
740 2050 1078 2125 robustum,
1120 2069 1244 2126 quo
1286 2069 1366 2108 ex
1406 2068 1636 2127 genere
1683 2053 1783 2107 est
1818 2049 1952 2126 ipse
2006 2049 2294 2128 Manlius,
2333 2053 2439 2110 cui

405 2170 567 2209 nunc
595 2145 864 2208 Catilina
891 2146 1180 2206 succedit.
1269 2144 1429 2205 Sunt
1454 2145 1737 2205 homines
1764 2166 1844 2205 ex
1871 2145 1949 2206 iis
1977 2145 2251 2224 coloniiS,
2280 2168 2437 2226 quas
2504 2210 2509 2214 ,

315 2257 381 2305 20
408 2246 577 2306 Sulla
603 2244 955 2304 constituit:
999 2263 1152 2320 quas
1174 2263 1294 2321 ego
1316 2243 1636 2303 universas
1654 2243 1878 2303 civium
1901 2263 2040 2303 esse
2065 2244 2437 2322 optimorum
2490 2291 2496 2296 .

405 2349 472 2403 et
498 2341 962 2401 fortissimorum
1008 2340 1272 2400 virorum
1316 2341 1541 2416 sentio,
1568 2340 1680 2399 sed
1722 2347 1932 2399 tamen
1970 2341 2017 2398 ii
2046 2347 2189 2400 sunt
2214 2341 2439 2419 coloni,

405 2439 513 2517 qui
540 2459 606 2498 se
634 2438 700 2496 in
739 2437 1067 2515 insperatis
1094 2456 1167 2495 ac
1192 2437 1536 2514 repentinis
1575 2437 1851 2514 pecuniis
1892 2439 2308 2515 sumptuosius
2346 2439 2440 2497 in-

406 2536 824 2613 solentiusque
847 2534 1174 2614 jactarunt.
1208 2518 1214 2524 ’
1259 2531 1347 2591 Hi
1375 2534 1523 2591 dum
1551 2532 1879 2592 aedificant
1903 2539 2218 2611 tamquam
2244 2535 2437 2612 beati,

405 2635 554 2694 dum
599 2632 887 2711 praediis,
915 2630 1168 2707 lecticiS‚
1194 2629 1448 2689 familiis
1495 2628 1758 2707 magniS,
1784 2630 2087 2690 conviviis
2124 2631 2442 2709 apparatis

318 2741 380 2789 25
406 2732 808 2808 delectantur,
835 2730 900 2787 in
941 2734 1187 2788 tantum
1226 2747 1334 2787 aes
1375 2726 1641 2785 alienum
1680 2725 2050 2803 inciderunt,
2076 2732 2168 2803 ut,
2196 2727 2251 2785 si
2279 2726 2438 2787 salvi

408 2850 545 2889 esse
588 2828 801 2904 velint,
832 2826 1003 2887 Sulla
1046 2826 1133 2885 sit
1171 2825 1250 2884 iis
1290 2824 1373 2884 ab
1412 2824 1624 2883 inferis
1666 2823 2067 2885 excitandus:
2112 2824 2218 2902 qui
2243 2825 2437 2884 etiam

404 2924 731 2985 nonnullos
748 2929 1026 3002 agrestes
1047 2921 1331 2981 homines
1353 2928 1573 2980 tenues
1590 2926 1777 2998 atque
1798 2926 2057 2999 egentes
2083 2922 2151 2979 in
2178 2922 2436 2982 eandem

406 3022 575 3080 illam
618 3040 790 3098 spem
850 3018 1203 3095 rapinarum
1243 3023 1520 3078 veterum
1572 3017 1961 3095 impulerunt.
2066 3016 2239 3090 Quos
2294 3039 2437 3097 eg0,

407 3115 704 3193 QuiriteS,
753 3117 820 3174 in
881 3115 1096 3175 eodem
1161 3134 1390 3193 genere
1453 3114 1885 3192 praedatorum
1939 3115 2440 3194 direptorumque

317 3224 382 3273 80
405 3234 591 3292 ponc,
618 3214 729 3273 sed
757 3232 865 3272 eos
890 3212 1008 3272 hoc
1036 3232 1294 3274 moneo:
1337 3212 1623 3271 desinant
1641 3211 1843 3271 furere
1870 3217 1935 3271 et
1961 3212 2439 3290 proscriptiones

407 3317 472 3371 et
519 3311 855 3369 dictaturas
900 3309 1195 3387 cogitare.
1302 3308 1539 3368 Tantus
1583 3308 1749 3367 enim
1791 3308 2034 3367 illorum
2088 3315 2438 3388 temporum

408 3407 582 3468 dolor
623 3406 870 3465 inustus
913 3413 1013 3465 est
1060 3406 1319 3483 civitati,
1346 3412 1420 3465 ut
1463 3406 1591 3486 jam
1618 3406 1741 3464 ista
1780 3426 1904 3464 non
1931 3407 2117 3466 modo
2141 3407 2440 3485 homineS,

408 3505 520 3565 sed
546 3525 626 3564 ne
652 3503 921 3582 pecudes
950 3503 1198 3581 quidem
1226 3502 1376 3561 mihi
1401 3521 1698 3581 passurae
1726 3521 1865 3562 esse
1893 3503 2233 3565 videantur.

527 3600 608 3662 X.
653 3598 954 3672 Quartum
981 3618 1179 3677 genus
1208 3604 1308 3658 est
1334 3619 1483 3658 sane
1504 3599 1738 3659 varium
1766 3589 1842 3658 et'
1859 3599 2122 3659 mixtum
2150 3607 2218 3661 et
2236 3601 2444 3661 turbu-

317 3708 382 3756 85
407 3696 644 3757 lentum
661 3717 679 3772 3
709 3696 817 3774 qui
831 3696 954 3775 jam
969 3695 1206 3773 pridem
1223 3700 1606 3772 premuntur,
1622 3695 1729 3772 qui
1748 3715 2060 3774 nunquam
2080 3704 2406 3776 emergunt
2422 3718 2442 3775 3

409 3794 517 3871 qui
536 3793 783 3871 'partim
827 3791 1067 3867 inertia,
1093 3791 1322 3868 partim
1364 3790 1526 3851 male
1570 3792 1847 3870 gerendo
1888 3794 2169 3875 negotio,
2212 3793 2443 3874 partim
