2725 4299
771 283 844 338 m
890 282 1269 333 cunnum·
1302 284 1548 345 camno
1591 284 1912 335 SECUNDA
2334 286 2410 351 17

258 444 495 504 instare
532 444 661 525 jam
699 445 885 523 plane
913 451 1026 504 aut
1049 452 1215 506 certe
1257 447 1765 524 appropinquare.
1852 444 2021 520 Quos
2047 447 2103 506 si
2130 465 2306 507 meus

259 539 637 617 consulatus,
658 542 952 619 quoniam
979 561 1195 602 sanare
1214 562 1339 601 non
1360 550 1588 620 potest,
1609 543 1946 620 sustulerit,
1967 563 2091 603 non
2120 543 2303 604 breve

257 639 471 697 nescio
498 638 664 715 quod
705 643 978 715 tempus,
1007 639 1118 698 sed
1145 638 1341 697 multa
1371 639 1618 698 saecula
1656 641 2015 718 propagarit
2039 640 2128 699 rei
2155 640 2306 716 pub-

257 735 437 797 licae.
524 733 714 795 Nulla
754 741 854 794 est
895 735 1055 794 enim
1096 736 1290 811 natio,
1319 755 1506 813 quam
1549 737 2068 813 pertimescamus,
2097 736 2301 796 nullus

258 853 389 910 reX,
417 833 528 910 qui
555 831 787 891 bellum
828 831 1060 909 populo
1099 831 1378 891 Romano
1406 833 1606 892 facere
1648 835 1884 911 possit;
1925 834 2128 893 omnia
2154 839 2301 893 sunt
2327 847 2356 893 5

259 936 523 989 externa
569 928 754 987 unius
798 929 1024 989 virtute
1080 935 1243 988 terra
1283 930 1555 1007 marique
1604 938 1859 1008 pacata:
1903 931 2299 992 domesticum

257 1026 491 1086 bellum
518 1031 749 1102 manet,
770 1024 941 1084 intus
966 1026 1225 1086 insidiae
1255 1033 1421 1103 sunt,
1445 1027 1615 1086 intus
1641 1027 1941 1087 inclusum
1970 1028 2302 1106 periculum

259 1130 377 1198 est,
406 1124 577 1181 intus
604 1128 704 1183 est
731 1122 964 1182 hostis:
1009 1143 1148 1182 cum
1178 1122 1424 1181 luxuria
1452 1124 1651 1200 nobis,
1680 1145 1817 1183 cum
1844 1127 2135 1201 amentia,
2164 1147 2301 1186 cum

259 1220 495 1280 scelere
522 1220 882 1280 certandum
903 1226 1018 1279 est.
1102 1218 1272 1280 Huic
1291 1240 1414 1299 ego
1443 1241 1540 1281 me
1562 1221 1728 1282 bello
1754 1223 1972 1283 ducem
1993 1224 2299 1301 profiteor,

259 1315 578 1393 Quirites3
621 1317 891 1394 suscipio
919 1316 1277 1377 inimicitias
1304 1317 1618 1379 hominum
1647 1320 2041 1398 perditorum.
2123 1319 2299 1394 Quae
2328 1332 2390 1380 10

257 1415 457 1474 sanari
484 1420 796 1492 poterunt,
824 1433 1208 1492 quacumque
1235 1416 1475 1487 ratione
1497 1417 1762 1494 sanab03
1791 1436 1949 1495 quae
1969 1419 2299 1478 resecanda

258 1517 460 1588 erunt,
488 1531 614 1570 non
654 1512 857 1590 patiar
882 1512 964 1570 ad
1003 1513 1336 1591 perniciem
1378 1514 1646 1574 civitatis
1687 1535 1947 1576 manere.
2034 1514 2299 1576 Proinde

257 1616 371 1668 aut
419 1616 647 1670 exeant
692 1615 804 1668 aut
846 1610 1170 1687 quiescant
1218 1616 1349 1687 aut,
1378 1611 1430 1670 si
1475 1618 1543 1672 et
1584 1613 1649 1670 in
1691 1612 1843 1673 urbe
1871 1619 1939 1673 et
1976 1612 2042 1670 in
2081 1612 2300 1673 eadem

257 1711 467 1766 mente
494 1712 879 1784 permanent,
908 1727 983 1766 ea
1010 1726 1168 1784 quae
1195 1714 1508 1768 merentur
1535 1717 1910 1788 exspectent.

377 1802 492 1863 VI.
537 1803 631 1862 At
650 1805 841 1862 etiam
861 1809 1008 1862 sunt
1028 1804 1134 1881 qui
1156 1804 1391 1881 dicant,
1412 1803 1706 1881 QuiriteS,
1728 1827 1766 1865 a
1791 1826 1892 1866 me
1917 1806 1984 1865 in
2012 1805 2299 1866 exsilium
2326 1814 2386 1861 15

257 1900 525 1980 ejectum
547 1919 685 1960 esse
708 1899 1052 1961 Catilinam.
1137 1898 1320 1974 Quod
1341 1922 1463 1980 ego
1485 1904 1540 1961 si
1560 1902 1750 1963 verbo
1771 1903 2016 1979 assequi
2033 1922 2299 1980 possem,

256 1998 410 2056 istos
452 1998 625 2075 ipsos
666 1995 974 2076 ejicerem,
1004 1997 1108 2074 qui
1147 1997 1301 2058 haec
1342 1997 1694 2076 loquuntur.
1777 1997 1984 2058 Homo
2026 2000 2188 2058 enim
2215 1999 2299 2060 vi-

256 2093 485 2155 delicet
512 2094 767 2154 timidus
797 2100 907 2153 aut
934 2094 1123 2155 etiam
1152 2096 1583 2177 permodestus
1611 2115 1822 2158 vocem
1851 2096 2115 2157 consulis
2141 2097 2298 2157 ferre

250 2214 380 2254 non
422 2195 675 2273 potuit,
718 2192 900 2252 simul
942 2199 1132 2271 atque
1161 2194 1251 2254 ire
1279 2194 1345 2252 in
1388 2193 1673 2254 exsilium
1711 2195 1919 2275 jussus
1948 2201 2064 2271 est,
2092 2195 2298 2273 paruit

256 2298 446 2370 atque
476 2291 610 2351 ivit.
2320 2300 2387 2347 20

378 2387 695 2447 Hesterno
723 2389 842 2463 die,
864 2407 1055 2466 quum
1079 2388 1248 2447 domi
1274 2407 1450 2448 meae
1475 2407 1675 2467 paene
1694 2389 2055 2449 interfectus
2076 2407 2296 2464 essem,

257 2490 540 2545 senatum
584 2486 647 2543 in
698 2486 915 2545 aedem
961 2483 1004 2543 J
1002 2486 1135 2545 ovis
1185 2483 1452 2545 Statoris
1498 2487 1731 2562 vocavi,
1756 2506 1886 2546 rem
1933 2505 2175 2546 omnem
2216 2484 2297 2544 ad

255 2588 469 2660 patres
497 2583 877 2660 conscriptos
903 2581 1138 2641 detuli:
1182 2600 1305 2658 quo
1330 2601 1521 2659 quum
1549 2582 1813 2642 Catilina
1840 2583 2131 2658 venisset,
2158 2582 2295 2658 quis

254 2699 395 2739 eum
446 2685 697 2738 senator
743 2677 1082 2756 appellavit
1096 2679 1127 2738 ’ἓ
1165 2679 1301 2755 quis
1342 2678 1640 2741 salutavit
1654 2680 1685 2739 ’ἓ
1723 2679 1861 2755 quis
1900 2678 2168 2754 denique
2207 2678 2299 2736 ita

256 2777 510 2853 aspexit
552 2782 627 2835 ut
668 2776 980 2854 perditum
1008 2775 1224 2851 civem,
1252 2794 1324 2833 ac
1351 2796 1480 2835 non
1521 2775 1729 2852 potius
1758 2780 1831 2832 ut
1858 2773 2296 2851 importunissi-
2320 2784 2383 2832 25

255 2892 426 2932 mum
455 2872 700 2931 hostem
717 2874 747 2932 ἰ’
828 2870 993 2944 Quin
1035 2872 1223 2931 etiam
1264 2872 1571 2950 principes
1613 2871 1746 2951 ejus
1789 2871 2017 2931 ordinis
2056 2878 2294 2949 partem

254 2968 428 3027 illam
474 2968 923 3044 subselliorum,
952 2968 1034 3027 ad
1080 2987 1263 3045 quam
1306 2968 1415 3029 ille
1457 2975 1815 3046 accesserat,
1841 2969 2071 3029 nudam
2111 2974 2296 3048 atque

255 3067 507 3125 inanem
553 3065 951 3144 reliquerunt.
1034 3064 1158 3124 Hic
1206 3085 1329 3144 ego
1373 3065 1702 3127 vehemens
1757 3065 1864 3126 ille
1911 3065 2141 3143 consul,
2188 3065 2297 3144 qui

258 3163 452 3223 verbo
495 3162 662 3222 cives
710 3163 776 3220 in
821 3160 1113 3238 exsilium
1141 3162 1338 3241 ejicio,
1368 3163 1644 3240 quaesivi
1685 3184 1723 3222 a
1751 3162 2041 3240 Catilina,
2069 3165 2134 3222 in
2161 3183 2300 3223 noc-

258 3265 446 3318 turno
474 3265 784 3318 conventu
811 3257 975 3336 apud
1004 3257 1086 3318 M.
1118 3257 1385 3318 Laecam
1407 3259 1627 3319 fuisset
1653 3280 1861 3321 necne.
1947 3258 2150 3334 Quum
2172 3260 2297 3335 ille,
2322 3272 2386 3319 30

261 3357 445 3416 homo
474 3355 932 3430 audacissimuS,
964 3356 1338 3415 conscientia
1368 3357 1683 3416 convictus
1709 3358 1905 3435 primo
1931 3359 2299 3434 reticuisset,

260 3453 530 3530 patefeci
577 3458 821 3511 cetera:
865 3451 1013 3529 quid
1063 3453 1141 3511 ea
1182 3458 1369 3512 nocte
1413 3453 1667 3531 egisset,
1695 3456 1842 3531 quid
1868 3455 1933 3513 in
1960 3455 2299 3532 proximam

261 3548 708 3624 constituisset,
737 3567 921 3625 quem
949 3548 1029 3606 ad
1055 3549 1306 3607 modum
1335 3555 1504 3609 esset
1532 3550 1591 3609 ei
1619 3551 1777 3609 ratio
1804 3551 1997 3610 totius
2027 3548 2173 3608 belli
2201 3549 2302 3608 de·
2340 3624 2349 3631 -

263 3646 510 3722 scripta,
528 3644 763 3704 edocui.
850 3641 1055 3716 Quum
1070 3645 1428 3720 haesitaret,
1445 3665 1634 3722 quum
1659 3652 1988 3721 teneretur,
2004 3645 2299 3722 quaesivi,

264 3741 416 3817 quid
441 3740 757 3800 dubitaret
783 3739 1086 3818 proficisci
1115 3761 1210 3817 ec,
1239 3761 1361 3817 quo
1401 3741 1529 3821 jam
1554 3742 1795 3819 pridem
1823 3746 2082 3819 pararet,
2112 3759 2300 3817 quum
2326 3754 2390 3802 85

265 3856 449 3914 arma,
477 3857 668 3915 quum
695 3856 958 3913 secureS,
987 3856 1174 3913 quum
1214 3838 1436 3916 fasces,
1463 3856 1651 3913 quum
1677 3835 1880 3912 tubaS,
1907 3856 2094 3913 quum
2122 3836 2304 3915 signa
