2725 4299
369 287 409 348 g
913 283 989 335 m
1032 283 1399 334 mmmm
1444 283 1686 334 omno
1730 283 1959 335 ram

472 452 612 507 tuto
638 464 776 507 esse
802 452 1027 522 tecum,
1052 446 1160 524 qui
1186 465 1415 524 magno
1440 446 1506 503 in
1531 446 1807 524 periculo
1833 465 2055 524 essem,
2081 447 2248 525 quod
2284 449 2513 510 iisdem

472 544 797 603 moenibus
823 542 1289 618 contineremur,
1315 542 1398 600 ad
1425 540 1500 615 Q.
1531 541 1853 602 Metellum
1884 549 2232 621 praetorem
2258 545 2509 606 venisti.

473 637 538 698 A
580 659 703 718 quo
744 640 1107 717 repudiatus
1150 639 1232 698 ad
1274 637 1549 698 sodalem
1595 644 1794 716 tuum,
1820 640 2016 700 virum
2063 641 2382 718 optimum,
2421 641 2507 703 M.

473 735 793 797 Metellum
821 735 1200 815 demigrasti,
1221 755 1405 813 quem
1430 740 1503 793 tu
1522 734 1808 795 videlicet
1834 741 1902 795 et
1926 736 2008 795 ad
2035 737 2511 797 custodiendum

419 842 448 888 5
475 832 1017 912 diligentissimum
1070 839 1138 892 et
1178 832 1260 891 ad
1303 832 1742 910 suspicandum
1797 833 2261 911 sagacissimum
2305 840 2374 894 et
2426 834 2512 893 ad

471 929 897 991 vindicandum
949 929 1345 989 fortissimum
1394 929 1522 987 fore
1563 928 1819 1007 putasti.
1906 927 2031 989 Sed
2079 949 2267 1008 quam
2319 930 2512 1010 longe

471 1027 715 1088 videtur
741 1049 778 1086 a
804 1046 1043 1088 carcere
1070 1032 1257 1104 atque
1285 1045 1324 1084 a
1347 1024 1609 1086 vinculis
1629 1025 1845 1085 abesse
1872 1025 2118 1103 debere,
2138 1025 2248 1104 qui
2274 1046 2344 1087 se
2369 1027 2511 1105 ipse

471 1125 597 1204 jam
625 1126 881 1204 dignum
907 1123 1188 1184 custodia
1213 1123 1500 1202 judicarit
1516 1123 1547 1183 ’ἒ

593 1219 767 1293 Quae
811 1240 999 1298 quum
1037 1221 1128 1278 ita
1170 1219 1317 1295 sint,
1359 1218 1641 1296 Catilina,
1685 1219 1951 1296 dubitas,
1980 1220 2033 1280 si
2072 1220 2265 1280 emori
2306 1241 2509 1300 aequo

388 1323 449 1371 10
473 1319 678 1377 animo
718 1337 843 1377 non
882 1322 1084 1396 poteS,
1126 1315 1294 1376 abire
1336 1316 1403 1374 in
1444 1315 1676 1394 aliquas
1719 1323 1914 1377 terras
1955 1322 2023 1378 et
2061 1318 2259 1378 vitam
2300 1319 2508 1395 istam,

472 1413 684 1473 multis
733 1413 1056 1492 suppliciis
1103 1412 1286 1491 justis
1335 1413 1687 1492 debitisque
1737 1423 2033 1492 ereptam,
2060 1415 2247 1492 fugae
2294 1414 2511 1474 solitu·

474 1510 722 1588 dinique
768 1511 1058 1569 mandare
1075 1511 1104 1570 ?
1214 1510 1252 1541 “
1267 1509 1457 1570 Refer
1474 1509 1512 1539 ’'
1565 1511 1766 1588 inquis
1821 1511 1859 1542 “
1876 1511 1957 1569 ad
2011 1516 2293 1570 senatum
2308 1531 2326 1587 ;
2344 1510 2383 1541 ’²
2439 1510 2509 1570 id
2570 1553 2574 1556 >

472 1607 634 1667 enim
661 1606 961 1685 postulaS,
990 1612 1075 1682 et,
1104 1607 1157 1664 si
1183 1606 1283 1666 hic
1324 1607 1474 1666 ordo
1502 1606 1622 1666 sibi
1661 1605 1903 1684 placere
1930 1607 2270 1667 decreverit
2307 1612 2373 1667 te
2413 1608 2508 1668 ire

472 1704 539 1763 in
578 1704 879 1780 exsilium,
908 1703 1474 1781 obtemperaturum
1514 1709 1582 1763 te
1609 1723 1749 1764 esse
1788 1703 1961 1765 diois.
2042 1694 2189 1763 Non
2227 1704 2508 1781 referam,

387 1806 447 1853 15
471 1799 536 1859 id
561 1801 726 1878 quod
752 1801 1040 1860 abhorret
1067 1821 1105 1859 a
1130 1800 1285 1860 meis
1311 1800 1600 1876 moribuS,
1629 1805 1697 1859 et
1735 1805 1945 1860 tamen
1969 1800 2191 1859 faciam
2231 1806 2304 1858 ut
2329 1796 2511 1860 intel-

470 1897 647 1977 ligas,
676 1898 823 1976 quid
849 1898 914 1956 hi
953 1897 1031 1957 de
1062 1903 1124 1957 te
1166 1897 1456 1957 sentiant.
1519 1895 1857 1974 Egredere
1898 1916 1979 1956 ex
2015 1896 2187 1972 urbe,
2216 1895 2508 1981 Catilina,

470 1993 661 2054 libera
705 2015 834 2054 rem
860 1994 1165 2072 publicam
1204 1999 1399 2069 metu,
1426 1993 1492 2050 in
1536 1992 1842 2068 exsilium,
1870 1992 1925 2052 si
1966 1990 2125 2052 hanc
2150 2012 2363 2053 vocem
2404 2012 2510 2052 ex-

471 2096 732 2169 spectaS,
751 2090 1150 2168 proficiscere.
1222 2087 1391 2163 Quid
1411 2093 1529 2166 est,
1551 2087 1814 2147 Catilina
1829 2091 1860 2151 ἲ
1940 2088 2185 2168 Ecquid
2209 2089 2508 2168 attendiS,

471 2186 693 2265 ecquid
719 2187 1153 2246 animadvertis
1194 2186 1410 2245 horum
1450 2185 1769 2246 silentium
1785 2187 1816 2247 *ι’
1896 2185 2245 2264 Patiuntur,
2271 2193 2507 2249 tacent.
2540 2232 2545 2235 -

384 2292 448 2339 20
473 2282 638 2356 Quid
671 2288 995 2361 exspectas
1036 2283 1472 2342 auctoritatem
1511 2281 1919 2360 loquentium,
1947 2303 2203 2361 quorum
2229 2284 2514 2345 volunta-

471 2386 600 2440 tem
628 2380 954 2439 tacitorum
981 2379 1282 2458 perspicis
1300 2380 1331 2440 ’ἒ
2457 2407 2460 2408 ’

590 2474 685 2534 At
727 2477 780 2536 si
820 2477 937 2536 hoc
972 2476 1139 2537 idem
1180 2476 1325 2536 huic
1365 2475 1741 2537 adolescenti
1782 2478 2039 2555 optimc,
2068 2477 2138 2539 P.
2183 2477 2408 2556 Sestio,
2449 2480 2511 2539 si

471 2574 805 2633 fortissimo
830 2575 962 2634 viro
988 2572 1071 2634 M.
1101 2572 1393 2633 Marcello
1430 2571 1740 2648 dixissem,
1766 2574 1893 2653 jam
1932 2573 2085 2632 mihi
2113 2576 2348 2634 consuli
2387 2576 2511 2636 hoc
2590 2589 2595 2594 ’

470 2670 608 2749 ipso
634 2672 699 2729 in
724 2671 960 2749 templo
984 2671 1122 2749 jure
1143 2670 1380 2747 optimo
1408 2676 1661 2728 senatus
1684 2670 1830 2729 vim=
1840 2677 1905 2730 et
1932 2690 2147 2739 manus
2174 2671 2507 2734 intulisset.

384 2774 446 2821 25
471 2768 568 2827 De
610 2774 677 2827 te
704 2775 928 2843 autem,
959 2758 1246 2843 Catilina,
1272 2787 1459 2845 quum
1488 2766 1832 2844 quiescunt,
1861 2767 2145 2844 probant,
2172 2787 2357 2845 quum
2402 2788 2512 2845 pa-

472 2865 732 2940 tiuntur,
761 2866 1117 2939 decernunt,
1145 2883 1335 2941 quum
1359 2868 1593 2939 tacent,
1620 2862 1925 2940 clamant3
1967 2884 2167 2941 neque
2193 2864 2260 2922 hi
2288 2863 2510 2942 solum,

472 2980 729 3038 quorum
771 2960 887 3018 tibi
913 2959 1245 3017 auctoritas
1275 2966 1374 3018 est
1399 2958 1691 3019 videlicet
1717 2978 1877 3035 cara,
1906 2960 2034 3019 vita
2062 2959 2375 3036 vilissima,
2397 2960 2513 3021 sed

472 3057 661 3116 etiam
687 3055 780 3113 illi
820 3056 1061 3132 equites
1111 3054 1392 3131 Romani,
1417 3054 1839 3115 honestissimi
1880 3063 2068 3134 atque
2108 3057 2329 3135 optimi
2369 3057 2510 3134 viri,

472 3152 785 3228 ceterique
800 3150 1115 3210 fortissimi
1139 3150 1319 3227 civeS,
1337 3151 1445 3228 qui
1474 3157 1645 3210 stant
1673 3153 1894 3212 circum
1927 3159 2231 3229 senatum,
2248 3172 2509 3230 quorum

386 3258 448 3305 30
474 3255 544 3308 tu
571 3253 638 3308 et
664 3248 1069 3326 frequentiam
1090 3246 1302 3307 videre
1331 3253 1399 3307 et
1419 3248 1627 3307 studia
1645 3249 1998 3327 perspicere
2027 3253 2094 3308 et
2113 3267 2298 3309 voces
2318 3247 2510 3326 paulo

470 3352 618 3404 ante
665 3345 954 3404 exaudire
998 3343 1279 3423 potuisti.
1365 3341 1640 3416 Quorum
1687 3364 1809 3422 ego
1836 3345 1941 3405 vix
1980 3344 2092 3404 abs
2134 3350 2197 3404 te
2243 3345 2371 3424 jam
2399 3343 2509 3403 diu
2622 3377 2629 3382 -

471 3461 686 3500 manus
715 3461 787 3500 ac
813 3440 941 3501 tela
969 3460 1078 3500 con
1088 3440 1274 3515 tinec,
1301 3440 1554 3499 eosdem
1596 3439 1776 3499 facile
1804 3440 2103 3499 adducam
2130 3445 2203 3498 ut
2243 3447 2309 3499 te
2336 3438 2508 3515 haec,

468 3558 631 3618 quae
670 3538 796 3616 jam
842 3537 1078 3614 pridem
1120 3542 1367 3596 vastare
1409 3536 1647 3612 studeS,
1691 3534 2146 3614 relinquentem
2187 3555 2384 3614 usque
2428 3535 2510 3593 ad

469 3642 681 3713 portas
722 3638 1184 3711 prosequantur.
1723 3617 1741 3634 ⁴
1786 3634 1789 3638 ’

381 3741 446 3789 35
507 3742 511 3745 ’
590 3730 704 3791 ΙΧ.
749 3728 1130 3817 Quamquam
1158 3727 1310 3805 quid
1335 3728 1555 3806 loquor
1574 3728 1605 3789 ⁴?
1684 3726 1774 3789 Te
1800 3735 1874 3789 ut
1913 3728 2041 3788 ulla
2067 3748 2167 3789 res
2207 3729 2459 3806 frangat
2478 3727 2513 3788 1²

470 3832 542 3885 tu
567 3832 640 3885 ut
659 3846 928 3904 unquam
955 3832 1021 3885 te
1043 3824 1310 3902 corrigas
1332 3826 1365 3885 ’ἒ
1390 3829 1461 3882 tu
1488 3831 1561 3883 ut
1587 3822 1776 3883 ullam
1797 3826 2016 3903 fugam
2044 3824 2344 3885 meditere
2366 3825 2397 3885 *ι’
2437 3830 2511 3883 tu
