<?xml version="1.0" encoding="UTF-8"?>
<!DOCTYPE html PUBLIC "-//W3C//DTD XHTML 1.0 Transitional//EN"
    "http://www.w3.org/TR/xhtml1/DTD/xhtml1-transitional.dtd">
<html xmlns="http://www.w3.org/1999/xhtml" xml:lang="en" lang="en">
 <head>
  <title>
</title>
<meta http-equiv="Content-Type" content="text/html;charset=utf-8" />
  <meta name='ocr-system' content='tesseract 3.04.00' />
  <meta name='ocr-capabilities' content='ocr_page ocr_carea ocr_par ocr_line ocrx_word'/>
</head>
<body>
  <div class='ocr_page' id='page_1' title='image "./selectorationsm02harkgoog_0152.png"; bbox 0 0 2725 4299; ppageno 0'>
   <div class='ocr_carea' id='block_1_1' title="bbox 429 267 2012 335">
    <p class='ocr_par' dir='ltr' id='par_1_1' title="bbox 429 267 2012 335">
     <span class='ocr_line' id='line_1_1' title="bbox 429 267 2012 335; baseline -0.012 1"><span class='ocrx_word' id='word_1_1' title='bbox 429 274 550 335; x_wconf 88' lang='grc'><strong>130</strong></span> <span class='ocrx_word' id='word_1_2' title='bbox 977 268 1050 319; x_wconf 82' lang='grc' dir='ltr'><strong>ΙΝ</strong></span> <span class='ocrx_word' id='word_1_3' title='bbox 1095 268 1450 320; x_wconf 64' lang='lat' dir='ltr'><strong>Amorum!</strong></span> <span class='ocrx_word' id='word_1_4' title='bbox 1495 267 1742 318; x_wconf 82' lang='lat' dir='ltr'>ORATIO</span> <span class='ocrx_word' id='word_1_5' title='bbox 1787 267 2012 318; x_wconf 80' lang='lat' dir='ltr'>PRIMA.</span> 
     </span>
    </p>
   </div>
   <div class='ocr_carea' id='block_1_2' title="bbox 439 1320 501 1366">
    <p class='ocr_par' dir='ltr' id='par_1_2' title="bbox 439 1320 501 1366">
     <span class='ocr_line' id='line_1_2' title="bbox 439 1320 501 1366; baseline 0 0"><span class='ocrx_word' id='word_1_6' title='bbox 439 1320 501 1366; x_wconf 91' lang='grc'><strong>10</strong></span> 
     </span>
    </p>
   </div>
   <div class='ocr_carea' id='block_1_3' title="bbox 441 1805 502 1852">
    <p class='ocr_par' dir='ltr' id='par_1_3' title="bbox 441 1805 502 1852">
     <span class='ocr_line' id='line_1_3' title="bbox 441 1805 502 1852; baseline 0.016 -1"><span class='ocrx_word' id='word_1_7' title='bbox 441 1805 502 1852; x_wconf 78' lang='lat'><strong>15</strong></span> 
     </span>
    </p>
   </div>
   <div class='ocr_carea' id='block_1_4' title="bbox 437 2281 503 2327">
    <p class='ocr_par' dir='ltr' id='par_1_4' title="bbox 437 2281 503 2327">
     <span class='ocr_line' id='line_1_4' title="bbox 437 2281 503 2327; baseline 0 0"><span class='ocrx_word' id='word_1_8' title='bbox 437 2281 503 2327; x_wconf 83' lang='lat'><strong>20</strong></span> 
     </span>
    </p>
   </div>
   <div class='ocr_carea' id='block_1_5' title="bbox 439 2769 501 2815">
    <p class='ocr_par' dir='ltr' id='par_1_5' title="bbox 439 2769 501 2815">
     <span class='ocr_line' id='line_1_5' title="bbox 439 2769 501 2815; baseline 0 0"><span class='ocrx_word' id='word_1_9' title='bbox 439 2769 501 2815; x_wconf 80' lang='lat'><strong>26</strong></span> 
     </span>
    </p>
   </div>
   <div class='ocr_carea' id='block_1_6' title="bbox 441 3254 504 3300">
    <p class='ocr_par' dir='ltr' id='par_1_6' title="bbox 441 3254 504 3300">
     <span class='ocr_line' id='line_1_6' title="bbox 441 3254 504 3300; baseline -0.016 0"><span class='ocrx_word' id='word_1_10' title='bbox 441 3254 504 3300; x_wconf 88' lang='lat'><strong>30</strong></span> 
     </span>
    </p>
   </div>
   <div class='ocr_carea' id='block_1_7' title="bbox 442 3741 504 3784">
    <p class='ocr_par' dir='ltr' id='par_1_7' title="bbox 442 3741 504 3784">
     <span class='ocr_line' id='line_1_7' title="bbox 442 3741 504 3784; baseline 0 0"><span class='ocrx_word' id='word_1_11' title='bbox 442 3741 504 3784; x_wconf 80' lang='lat'><strong>36</strong></span> 
     </span>
    </p>
   </div>
   <div class='ocr_carea' id='block_1_8' title="bbox 533 430 2558 1384">
    <p class='ocr_par' dir='ltr' id='par_1_8' title="bbox 533 430 2558 1384">
     <span class='ocr_line' id='line_1_8' title="bbox 533 430 2548 512; baseline -0.001 -17"><span class='ocrx_word' id='word_1_12' title='bbox 533 440 773 512; x_wconf 84' lang='lat' dir='ltr'><strong>tempta</strong></span> <span class='ocrx_word' id='word_1_13' title='bbox 800 438 918 509; x_wconf 88' lang='lat' dir='ltr'><strong>est,</strong></span> <span class='ocrx_word' id='word_1_14' title='bbox 944 451 1071 492; x_wconf 93' lang='lat' dir='ltr'><strong>non</strong></span> <span class='ocrx_word' id='word_1_15' title='bbox 1098 451 1250 510; x_wconf 91' lang='lat' dir='ltr'><strong>opes</strong></span> <span class='ocrx_word' id='word_1_16' title='bbox 1277 431 1585 493; x_wconf 87' lang='lat' dir='ltr'><strong>violentas</strong></span> <span class='ocrx_word' id='word_1_17' title='bbox 1625 438 1694 492; x_wconf 93' lang='lat' dir='ltr'><strong>et</strong></span> <span class='ocrx_word' id='word_1_18' title='bbox 1734 430 1964 511; x_wconf 92' lang='lat' dir='ltr'><strong>populo</strong></span> <span class='ocrx_word' id='word_1_19' title='bbox 2004 431 2285 512; x_wconf 84' lang='lat' dir='ltr'><strong>Romano</strong></span> <span class='ocrx_word' id='word_1_20' title='bbox 2324 431 2548 493; x_wconf 86' lang='lat' dir='ltr'><strong>minime</strong></span> 
     </span>
     <span class='ocr_line' id='line_1_9' title="bbox 535 528 2551 608; baseline -0.001 -19"><span class='ocrx_word' id='word_1_21' title='bbox 535 530 845 590; x_wconf 80' lang='lat' dir='ltr'><strong>ferendam</strong></span> <span class='ocrx_word' id='word_1_22' title='bbox 871 530 1236 608; x_wconf 88' lang='lat' dir='ltr'><strong>potentiam,</strong></span> <span class='ocrx_word' id='word_1_23' title='bbox 1264 529 1378 588; x_wconf 90' lang='lat' dir='ltr'><strong>sed</strong></span> <span class='ocrx_word' id='word_1_24' title='bbox 1419 530 1742 589; x_wconf 89' lang='lat' dir='ltr'><strong>caritatem</strong></span> <span class='ocrx_word' id='word_1_25' title='bbox 1782 529 2007 588; x_wconf 83' lang='lat' dir='ltr'><strong>civium</strong></span> <span class='ocrx_word' id='word_1_26' title='bbox 2044 535 2113 589; x_wconf 87' lang='lat' dir='ltr'><strong>et</strong></span> <span class='ocrx_word' id='word_1_27' title='bbox 2139 528 2394 608; x_wconf 86' lang='lat' dir='ltr'>gloriam</span> <span class='ocrx_word' id='word_1_28' title='bbox 2433 548 2551 588; x_wconf 87' lang='lat' dir='ltr'><strong>con·</strong></span> 
     </span>
     <span class='ocr_line' id='line_1_10' title="bbox 535 625 2553 706; baseline -0.001 -18"><span class='ocrx_word' id='word_1_29' title='bbox 535 628 853 706; x_wconf 82' lang='lat' dir='ltr'><strong>cupivisse.</strong></span> <span class='ocrx_word' id='word_1_30' title='bbox 940 625 1058 685; x_wconf 88' lang='lat' dir='ltr'><strong>Est</strong></span> <span class='ocrx_word' id='word_1_31' title='bbox 1098 634 1307 686; x_wconf 86' lang='lat' dir='ltr'><strong>autem</strong></span> <span class='ocrx_word' id='word_1_32' title='bbox 1352 625 1553 705; x_wconf 87' lang='lat' dir='ltr'><strong>gloria</strong></span> <span class='ocrx_word' id='word_1_33' title='bbox 1601 626 1739 685; x_wconf 89' lang='lat' dir='ltr'><strong>laus</strong></span> <span class='ocrx_word' id='word_1_34' title='bbox 1779 632 1949 686; x_wconf 92' lang='lat' dir='ltr'><strong>recte</strong></span> <span class='ocrx_word' id='word_1_35' title='bbox 1989 627 2291 687; x_wconf 90' lang='lat' dir='ltr'><strong>factorum</strong></span> <span class='ocrx_word' id='word_1_36' title='bbox 2329 643 2553 704; x_wconf 87' lang='lat' dir='ltr'><strong>magno-</strong></span> 
     </span>
     <span class='ocr_line' id='line_1_11' title="bbox 535 723 2555 803; baseline -0.002 -20"><span class='ocrx_word' id='word_1_37' title='bbox 535 744 790 803; x_wconf 86' lang='lat' dir='ltr'><strong>rumque</strong></span> <span class='ocrx_word' id='word_1_38' title='bbox 833 724 900 781; x_wconf 89' lang='lat' dir='ltr'><strong>in</strong></span> <span class='ocrx_word' id='word_1_39' title='bbox 942 743 1072 782; x_wconf 90' lang='lat' dir='ltr'><strong>rem</strong></span> <span class='ocrx_word' id='word_1_40' title='bbox 1116 723 1431 801; x_wconf 83' lang='lat' dir='ltr'><strong>publicam</strong></span> <span class='ocrx_word' id='word_1_41' title='bbox 1474 723 1854 798; x_wconf 89' lang='lat' dir='ltr'><strong>meritorum,</strong></span> <span class='ocrx_word' id='word_1_42' title='bbox 1899 743 2057 801; x_wconf 92' lang='lat' dir='ltr'><strong>quae</strong></span> <span class='ocrx_word' id='word_1_43' title='bbox 2114 744 2308 801; x_wconf 91' lang='lat' dir='ltr'><strong>quum</strong></span> <span class='ocrx_word' id='word_1_44' title='bbox 2359 723 2555 800; x_wconf 90' lang='lat' dir='ltr'><strong>optimi</strong></span> 
     </span>
     <span class='ocr_line' id='line_1_12' title="bbox 537 819 2506 902; baseline -0.001 -21"><span class='ocrx_word' id='word_1_45' title='bbox 537 822 853 902; x_wconf 90' lang='lat' dir='ltr'><strong>cujusque,</strong></span> <span class='ocrx_word' id='word_1_46' title='bbox 880 826 1013 879; x_wconf 91' lang='lat' dir='ltr'><strong>tum</strong></span> <span class='ocrx_word' id='word_1_47' title='bbox 1039 820 1229 879; x_wconf 91' lang='lat' dir='ltr'><strong>etiam</strong></span> <span class='ocrx_word' id='word_1_48' title='bbox 1256 820 1668 880; x_wconf 82' lang='lat' dir='ltr'><strong>multitudinis</strong></span> <span class='ocrx_word' id='word_1_49' title='bbox 1695 821 2055 880; x_wconf 89' lang='lat' dir='ltr'><strong>testimonio</strong></span> <span class='ocrx_word' id='word_1_50' title='bbox 2075 819 2506 898; x_wconf 91' lang='lat' dir='ltr'><strong>comprobatur.</strong></span> 
     </span>
     <span class='ocr_line' id='line_1_13' title="bbox 655 915 2555 995; baseline -0.001 -19"><span class='ocrx_word' id='word_1_51' title='bbox 655 919 959 993; x_wconf 88' lang='lat' dir='ltr'><strong>Dicerem,</strong></span> <span class='ocrx_word' id='word_1_52' title='bbox 1006 915 1352 992; x_wconf 82' lang='lat' dir='ltr'>Dolabella,</span> <span class='ocrx_word' id='word_1_53' title='bbox 1396 918 1497 995; x_wconf 93' lang='lat' dir='ltr'><strong>qui</strong></span> <span class='ocrx_word' id='word_1_54' title='bbox 1553 923 1721 976; x_wconf 89' lang='lat' dir='ltr'><strong>recte</strong></span> <span class='ocrx_word' id='word_1_55' title='bbox 1762 917 2070 977; x_wconf 89' lang='lat' dir='ltr'><strong>factorum</strong></span> <span class='ocrx_word' id='word_1_56' title='bbox 2108 918 2351 976; x_wconf 85' lang='lat' dir='ltr'><strong>fructus</strong></span> <span class='ocrx_word' id='word_1_57' title='bbox 2395 922 2555 991; x_wconf 89' lang='lat' dir='ltr'><strong>esset,</strong></span> 
     </span>
     <span class='ocr_line' id='line_1_14' title="bbox 536 1013 2554 1093; baseline -0.001 -18"><span class='ocrx_word' id='word_1_58' title='bbox 536 1016 657 1075; x_wconf 90' lang='lat' dir='ltr'><strong>nisi</strong></span> <span class='ocrx_word' id='word_1_59' title='bbox 697 1022 763 1076; x_wconf 91' lang='lat' dir='ltr'><strong>te</strong></span> <span class='ocrx_word' id='word_1_60' title='bbox 805 1021 1049 1093; x_wconf 90' lang='lat' dir='ltr'><strong>praeter</strong></span> <span class='ocrx_word' id='word_1_61' title='bbox 1089 1019 1328 1073; x_wconf 88' lang='lat' dir='ltr'><strong>ceteros</strong></span> <span class='ocrx_word' id='word_1_62' title='bbox 1371 1013 1687 1092; x_wconf 85' lang='lat' dir='ltr'><strong>paulisper</strong></span> <span class='ocrx_word' id='word_1_63' title='bbox 1726 1033 1866 1073; x_wconf 91' lang='lat' dir='ltr'><strong>esse</strong></span> <span class='ocrx_word' id='word_1_64' title='bbox 1907 1020 2243 1092; x_wconf 84' lang='lat' dir='ltr'><strong>expertum</strong></span> <span class='ocrx_word' id='word_1_65' title='bbox 2296 1013 2554 1074; x_wconf 88' lang='lat' dir='ltr'><strong>viderem.</strong></span> 
     </span>
     <span class='ocr_line' id='line_1_15' title="bbox 538 1110 2556 1191; baseline -0.003 -18"><span class='ocrx_word' id='word_1_66' title='bbox 538 1112 737 1186; x_wconf 84' lang='lat' dir='ltr'><strong>Quem</strong></span> <span class='ocrx_word' id='word_1_67' title='bbox 783 1118 964 1191; x_wconf 89' lang='lat' dir='ltr'><strong>potes</strong></span> <span class='ocrx_word' id='word_1_68' title='bbox 1004 1111 1304 1170; x_wconf 89' lang='lat' dir='ltr'><strong>recordari</strong></span> <span class='ocrx_word' id='word_1_69' title='bbox 1346 1110 1412 1169; x_wconf 91' lang='lat' dir='ltr'><strong>in</strong></span> <span class='ocrx_word' id='word_1_70' title='bbox 1451 1111 1582 1171; x_wconf 88' lang='lat' dir='ltr'><strong>vita</strong></span> <span class='ocrx_word' id='word_1_71' title='bbox 1611 1110 1891 1172; x_wconf 82' lang='lat' dir='ltr'><strong>illuxisse</strong></span> <span class='ocrx_word' id='word_1_72' title='bbox 1918 1111 2035 1170; x_wconf 87' lang='lat' dir='ltr'><strong>tibi</strong></span> <span class='ocrx_word' id='word_1_73' title='bbox 2060 1111 2235 1171; x_wconf 92' lang='lat' dir='ltr'><strong>diem</strong></span> <span class='ocrx_word' id='word_1_74' title='bbox 2262 1110 2556 1171; x_wconf 81' lang='lat' dir='ltr'><strong>laetiorem</strong></span> 
     </span>
     <span class='ocr_line' id='line_1_16' title="bbox 538 1208 2556 1288; baseline -0.001 -19"><span class='ocrx_word' id='word_1_75' title='bbox 538 1231 721 1288; x_wconf 89' lang='lat' dir='ltr'><strong>quam</strong></span> <span class='ocrx_word' id='word_1_76' title='bbox 764 1230 953 1287; x_wconf 91' lang='lat' dir='ltr'><strong>quum</strong></span> <span class='ocrx_word' id='word_1_77' title='bbox 996 1209 1251 1286; x_wconf 82' lang='lat' dir='ltr'><strong>expiato</strong></span> <span class='ocrx_word' id='word_1_78' title='bbox 1295 1208 1446 1284; x_wconf 89' lang='lat' dir='ltr'><strong>foro,</strong></span> <span class='ocrx_word' id='word_1_79' title='bbox 1497 1208 1805 1286; x_wconf 89' lang='lat' dir='ltr'><strong>dissipato</strong></span> <span class='ocrx_word' id='word_1_80' title='bbox 1858 1229 2175 1270; x_wconf 79' lang='lat' dir='ltr'><strong>concursu</strong></span> <span class='ocrx_word' id='word_1_81' title='bbox 2245 1208 2556 1287; x_wconf 89' lang='lat' dir='ltr'><strong>impiorum,</strong></span> 
     </span>
     <span class='ocr_line' id='line_1_17' title="bbox 539 1304 2558 1384; baseline 0 -20"><span class='ocrx_word' id='word_1_82' title='bbox 539 1307 917 1384; x_wconf 88' lang='lat' dir='ltr'><strong>principibus</strong></span> <span class='ocrx_word' id='word_1_83' title='bbox 970 1304 1218 1366; x_wconf 91' lang='lat' dir='ltr'><strong>sceleris</strong></span> <span class='ocrx_word' id='word_1_84' title='bbox 1271 1325 1472 1383; x_wconf 91' lang='lat' dir='ltr'><strong>poena</strong></span> <span class='ocrx_word' id='word_1_85' title='bbox 1519 1306 1778 1382; x_wconf 90' lang='lat' dir='ltr'><strong>affectis,</strong></span> <span class='ocrx_word' id='word_1_86' title='bbox 1825 1312 1888 1367; x_wconf 84' lang='lat' dir='ltr'><strong>te</strong></span> <span class='ocrx_word' id='word_1_87' title='bbox 1935 1308 2192 1366; x_wconf 90' lang='lat' dir='ltr'><strong>domum</strong></span> <span class='ocrx_word' id='word_1_88' title='bbox 2246 1306 2558 1384; x_wconf 81' lang='lat' dir='ltr'><strong>recepisti?</strong></span> 
     </span>
    </p>
   </div>
   <div class='ocr_carea' id='block_1_9' title="bbox 542 1402 2656 1484">
    <p class='ocr_par' dir='ltr' id='par_1_9' title="bbox 542 1402 2656 1484">
     <span class='ocr_line' id='line_1_18' title="bbox 542 1402 2656 1484; baseline -0.001 -21"><span class='ocrx_word' id='word_1_89' title='bbox 542 1405 735 1484; x_wconf 87' lang='lat' dir='ltr'><strong>Cujus</strong></span> <span class='ocrx_word' id='word_1_90' title='bbox 761 1404 1015 1480; x_wconf 80' lang='lat' dir='ltr'><strong>ordiniS,</strong></span> <span class='ocrx_word' id='word_1_91' title='bbox 1046 1406 1223 1484; x_wconf 87' lang='lat' dir='ltr'><strong>cujus</strong></span> <span class='ocrx_word' id='word_1_92' title='bbox 1253 1404 1521 1482; x_wconf 90' lang='lat' dir='ltr'><strong>generis,</strong></span> <span class='ocrx_word' id='word_1_93' title='bbox 1554 1406 1730 1483; x_wconf 87' lang='lat' dir='ltr'><strong>cujus</strong></span> <span class='ocrx_word' id='word_1_94' title='bbox 1760 1405 2031 1483; x_wconf 89' lang='lat' dir='ltr'><strong>denique</strong></span> <span class='ocrx_word' id='word_1_95' title='bbox 2058 1406 2355 1464; x_wconf 87' lang='lat' dir='ltr'><strong>fortunae</strong></span> <span class='ocrx_word' id='word_1_96' title='bbox 2382 1402 2558 1463; x_wconf 83' lang='lat' dir='ltr'><strong>studia</strong></span> <span class='ocrx_word' id='word_1_97' title='bbox 2655 1419 2656 1434; x_wconf 63' lang='lat'>¹</span> 
     </span>
    </p>
   </div>
   <div class='ocr_carea' id='block_1_10' title="bbox 541 1498 2559 1775">
    <p class='ocr_par' dir='ltr' id='par_1_10' title="bbox 541 1498 2559 1775">
     <span class='ocr_line' id='line_1_19' title="bbox 541 1498 2559 1580; baseline 0.001 -21"><span class='ocrx_word' id='word_1_98' title='bbox 541 1508 675 1559; x_wconf 91' lang='lat' dir='ltr'><strong>tum</strong></span> <span class='ocrx_word' id='word_1_99' title='bbox 717 1501 884 1560; x_wconf 90' lang='lat' dir='ltr'><strong>laudi</strong></span> <span class='ocrx_word' id='word_1_100' title='bbox 920 1507 988 1561; x_wconf 89' lang='lat' dir='ltr'><strong>et</strong></span> <span class='ocrx_word' id='word_1_101' title='bbox 1023 1501 1424 1580; x_wconf 86' lang='lat' dir='ltr'><strong>gratulationi</strong></span> <span class='ocrx_word' id='word_1_102' title='bbox 1459 1508 1608 1561; x_wconf 90' lang='lat' dir='ltr'><strong>tuae</strong></span> <span class='ocrx_word' id='word_1_103' title='bbox 1650 1522 1719 1561; x_wconf 93' lang='lat' dir='ltr'><strong>se</strong></span> <span class='ocrx_word' id='word_1_104' title='bbox 1759 1521 1886 1561; x_wconf 89' lang='lat' dir='ltr'><strong>non</strong></span> <span class='ocrx_word' id='word_1_105' title='bbox 1926 1502 2299 1562; x_wconf 90' lang='lat' dir='ltr'><strong>obtulerunt</strong></span> <span class='ocrx_word' id='word_1_106' title='bbox 2315 1503 2344 1562; x_wconf 68' lang='lat' dir='ltr'>P</span> <span class='ocrx_word' id='word_1_107' title='bbox 2420 1498 2559 1573; x_wconf 79' lang='lat' dir='ltr'><strong>Quin</strong></span> 
     </span>
     <span class='ocr_line' id='line_1_20' title="bbox 541 1599 2557 1677; baseline -0 -20"><span class='ocrx_word' id='word_1_108' title='bbox 541 1599 690 1658; x_wconf 91' lang='lat' dir='ltr'><strong>mihi</strong></span> <span class='ocrx_word' id='word_1_109' title='bbox 717 1600 923 1675; x_wconf 87' lang='lat' dir='ltr'><strong>etiam,</strong></span> <span class='ocrx_word' id='word_1_110' title='bbox 952 1619 1076 1677; x_wconf 93' lang='lat' dir='ltr'><strong>quo</strong></span> <span class='ocrx_word' id='word_1_111' title='bbox 1102 1606 1352 1660; x_wconf 88' lang='lat' dir='ltr'><strong>auctore</strong></span> <span class='ocrx_word' id='word_1_112' title='bbox 1396 1605 1463 1659; x_wconf 79' lang='lat' dir='ltr'><strong>te</strong></span> <span class='ocrx_word' id='word_1_113' title='bbox 1506 1600 1571 1657; x_wconf 92' lang='lat' dir='ltr'><strong>in</strong></span> <span class='ocrx_word' id='word_1_114' title='bbox 1611 1600 1708 1658; x_wconf 90' lang='lat' dir='ltr'><strong>his</strong></span> <span class='ocrx_word' id='word_1_115' title='bbox 1750 1599 1933 1659; x_wconf 90' lang='lat' dir='ltr'><strong>rebus</strong></span> <span class='ocrx_word' id='word_1_116' title='bbox 1973 1601 2071 1658; x_wconf 90' lang='lat' dir='ltr'><strong>uti</strong></span> <span class='ocrx_word' id='word_1_117' title='bbox 2100 1601 2557 1673; x_wconf 85' lang='lat' dir='ltr'><strong>arbitrabantur,</strong></span> 
     </span>
     <span class='ocr_line' id='line_1_21' title="bbox 541 1695 2556 1775; baseline -0.002 -19"><span class='ocrx_word' id='word_1_118' title='bbox 541 1702 609 1756; x_wconf 89' lang='lat' dir='ltr'><strong>et</strong></span> <span class='ocrx_word' id='word_1_119' title='bbox 635 1696 870 1774; x_wconf 83' lang='lat' dir='ltr'><strong>gratias</strong></span> <span class='ocrx_word' id='word_1_120' title='bbox 910 1697 1059 1756; x_wconf 91' lang='lat' dir='ltr'><strong>boni</strong></span> <span class='ocrx_word' id='word_1_121' title='bbox 1097 1696 1212 1757; x_wconf 89' lang='lat' dir='ltr'><strong>viri</strong></span> <span class='ocrx_word' id='word_1_122' title='bbox 1252 1695 1528 1775; x_wconf 86' lang='lat' dir='ltr'><strong>agebant</strong></span> <span class='ocrx_word' id='word_1_123' title='bbox 1571 1704 1638 1755; x_wconf 92' lang='lat' dir='ltr'><strong>et</strong></span> <span class='ocrx_word' id='word_1_124' title='bbox 1664 1701 1775 1755; x_wconf 89' lang='lat' dir='ltr'><strong>tuo</strong></span> <span class='ocrx_word' id='word_1_125' title='bbox 1801 1697 2052 1756; x_wconf 89' lang='lat' dir='ltr'><strong>nomine</strong></span> <span class='ocrx_word' id='word_1_126' title='bbox 2093 1696 2556 1774; x_wconf 82' lang='lat' dir='ltr'><strong>gratulabantur.</strong></span> 
     </span>
    </p>
   </div>
   <div class='ocr_carea' id='block_1_11' title="bbox 541 1790 2658 1874">
    <p class='ocr_par' dir='ltr' id='par_1_11' title="bbox 541 1790 2658 1874">
     <span class='ocr_line' id='line_1_22' title="bbox 541 1790 2658 1874; baseline -0.002 -21"><span class='ocrx_word' id='word_1_127' title='bbox 541 1793 909 1870; x_wconf 86' lang='lat' dir='ltr'><strong>Recordare,</strong></span> <span class='ocrx_word' id='word_1_128' title='bbox 975 1813 1222 1872; x_wconf 83' lang='lat' dir='ltr'><strong>quaesO,</strong></span> <span class='ocrx_word' id='word_1_129' title='bbox 1278 1791 1626 1868; x_wconf 87' lang='lat' dir='ltr'><strong>Dolabella,</strong></span> <span class='ocrx_word' id='word_1_130' title='bbox 1683 1812 2051 1852; x_wconf 88' lang='lat' dir='ltr'><strong>consensum</strong></span> <span class='ocrx_word' id='word_1_131' title='bbox 2099 1792 2285 1852; x_wconf 90' lang='lat' dir='ltr'><strong>illum</strong></span> <span class='ocrx_word' id='word_1_132' title='bbox 2339 1790 2558 1865; x_wconf 85' lang='lat' dir='ltr'><strong>theatri,</strong></span> <span class='ocrx_word' id='word_1_133' title='bbox 2657 1865 2658 1874; x_wconf 9' lang='grc' dir='ltr'>ἵ</span> 
     </span>
    </p>
   </div>
   <div class='ocr_carea' id='block_1_12' title="bbox 538 1887 2660 3906">
    <p class='ocr_par' dir='ltr' id='par_1_12' title="bbox 539 1887 2660 2355">
     <span class='ocr_line' id='line_1_23' title="bbox 540 1887 2558 1969; baseline -0.003 -18"><span class='ocrx_word' id='word_1_134' title='bbox 540 1912 726 1969; x_wconf 91' lang='lat' dir='ltr'><strong>quum</strong></span> <span class='ocrx_word' id='word_1_135' title='bbox 769 1912 983 1952; x_wconf 91' lang='lat' dir='ltr'><strong>omnes</strong></span> <span class='ocrx_word' id='word_1_136' title='bbox 1024 1911 1232 1951; x_wconf 89' lang='lat' dir='ltr'><strong>earum</strong></span> <span class='ocrx_word' id='word_1_137' title='bbox 1258 1910 1461 1950; x_wconf 91' lang='lat' dir='ltr'><strong>rerum</strong></span> <span class='ocrx_word' id='word_1_138' title='bbox 1501 1889 1697 1965; x_wconf 89' lang='lat' dir='ltr'><strong>obliti,</strong></span> <span class='ocrx_word' id='word_1_139' title='bbox 1725 1895 1981 1967; x_wconf 92' lang='lat' dir='ltr'><strong>propter</strong></span> <span class='ocrx_word' id='word_1_140' title='bbox 2007 1909 2164 1967; x_wconf 91' lang='lat' dir='ltr'><strong>quas</strong></span> <span class='ocrx_word' id='word_1_141' title='bbox 2194 1891 2438 1949; x_wconf 87' lang='lat' dir='ltr'><strong>fuerant</strong></span> <span class='ocrx_word' id='word_1_142' title='bbox 2462 1887 2558 1946; x_wconf 91' lang='lat' dir='ltr'><strong>tibi</strong></span> 
     </span>
     <span class='ocr_line' id='line_1_24' title="bbox 541 1984 2557 2066; baseline -0.002 -19"><span class='ocrx_word' id='word_1_143' title='bbox 541 1989 779 2064; x_wconf 88' lang='lat' dir='ltr'><strong>offensi,</strong></span> <span class='ocrx_word' id='word_1_144' title='bbox 823 1988 1246 2066; x_wconf 88' lang='lat' dir='ltr'><strong>significarent</strong></span> <span class='ocrx_word' id='word_1_145' title='bbox 1292 2007 1360 2048; x_wconf 92' lang='lat' dir='ltr'><strong>se</strong></span> <span class='ocrx_word' id='word_1_146' title='bbox 1404 1986 1703 2046; x_wconf 89' lang='lat' dir='ltr'><strong>beneficio</strong></span> <span class='ocrx_word' id='word_1_147' title='bbox 1747 2006 1907 2047; x_wconf 90' lang='lat' dir='ltr'><strong>novo</strong></span> <span class='ocrx_word' id='word_1_148' title='bbox 1954 1988 2319 2047; x_wconf 89' lang='lat' dir='ltr'><strong>memoriam</strong></span> <span class='ocrx_word' id='word_1_149' title='bbox 2356 1984 2557 2047; x_wconf 86' lang='lat' dir='ltr'><strong>veteris</strong></span> 
     </span>
     <span class='ocr_line' id='line_1_25' title="bbox 540 2082 2660 2165; baseline -0.002 -22"><span class='ocrx_word' id='word_1_150' title='bbox 540 2085 766 2143; x_wconf 89' lang='lat' dir='ltr'><strong>doloris</strong></span> <span class='ocrx_word' id='word_1_151' title='bbox 814 2085 1128 2164; x_wconf 86' lang='lat' dir='ltr'><strong>abjecisse.</strong></span> <span class='ocrx_word' id='word_1_152' title='bbox 1213 2082 1396 2143; x_wconf 90' lang='lat' dir='ltr'><strong>Hanc</strong></span> <span class='ocrx_word' id='word_1_153' title='bbox 1439 2090 1529 2160; x_wconf 92' lang='lat' dir='ltr'><strong>tu,</strong></span> <span class='ocrx_word' id='word_1_154' title='bbox 1573 2082 1642 2143; x_wconf 93' lang='lat' dir='ltr'><strong>P.</strong></span> <span class='ocrx_word' id='word_1_155' title='bbox 1686 2082 2325 2164; x_wconf 86' lang='lat' dir='ltr'><strong>Dolabella—magno</strong></span> <span class='ocrx_word' id='word_1_156' title='bbox 2370 2082 2557 2160; x_wconf 91' lang='lat' dir='ltr'><strong>loquor</strong></span> <span class='ocrx_word' id='word_1_157' title='bbox 2659 2152 2660 2165; x_wconf 11' lang='grc' dir='ltr'>χ</span> 
     </span>
     <span class='ocr_line' id='line_1_26' title="bbox 539 2168 2660 2260; baseline 0 -22"><span class='ocrx_word' id='word_1_158' title='bbox 539 2201 678 2238; x_wconf 92' lang='lat' dir='ltr'><strong>cum</strong></span> <span class='ocrx_word' id='word_1_159' title='bbox 705 2180 1155 2241; x_wconf 90' lang='lat' dir='ltr'><strong>dolore—hanc</strong></span> <span class='ocrx_word' id='word_1_160' title='bbox 1184 2188 1272 2257; x_wconf 89' lang='lat' dir='ltr'><strong>tu,</strong></span> <span class='ocrx_word' id='word_1_161' title='bbox 1301 2181 1568 2260; x_wconf 91' lang='lat' dir='ltr'><strong>inquam,</strong></span> <span class='ocrx_word' id='word_1_162' title='bbox 1595 2181 1858 2258; x_wconf 88' lang='lat' dir='ltr'><strong>potuisti</strong></span> <span class='ocrx_word' id='word_1_163' title='bbox 1884 2200 2083 2259; x_wconf 89' lang='lat' dir='ltr'><strong>aequo</strong></span> <span class='ocrx_word' id='word_1_164' title='bbox 2111 2183 2323 2241; x_wconf 91' lang='lat' dir='ltr'><strong>animo</strong></span> <span class='ocrx_word' id='word_1_165' title='bbox 2347 2185 2557 2239; x_wconf 88' lang='lat' dir='ltr'><strong>tantam</strong></span> <span class='ocrx_word' id='word_1_166' title='bbox 2659 2168 2660 2221; x_wconf 56' lang='grc' dir='ltr'><strong>ἶ</strong></span> 
     </span>
     <span class='ocr_line' id='line_1_27' title="bbox 539 2277 1305 2355; baseline 0.005 -20"><span class='ocrx_word' id='word_1_167' title='bbox 539 2277 911 2355; x_wconf 82' lang='lat' dir='ltr'><strong>dignitatem</strong></span> <span class='ocrx_word' id='word_1_168' title='bbox 940 2278 1247 2355; x_wconf 88' lang='lat' dir='ltr'><strong>deponere</strong></span> <span class='ocrx_word' id='word_1_169' title='bbox 1276 2280 1305 2339; x_wconf 72' lang='grc' dir='ltr'>Ῥ</span> 
     </span>
    </p>

    <p class='ocr_par' dir='ltr' id='par_1_13' title="bbox 538 2325 2562 3906">
     <span class='ocr_line' id='line_1_28' title="bbox 659 2325 2558 2453; baseline -0.001 -21"><span class='ocrx_word' id='word_1_170' title='bbox 659 2374 837 2435; x_wconf 91' lang='lat' dir='ltr'>XIII.</span> <span class='ocrx_word' id='word_1_171' title='bbox 881 2373 980 2433; x_wconf 91' lang='lat' dir='ltr'><strong>Tu</strong></span> <span class='ocrx_word' id='word_1_172' title='bbox 1028 2381 1254 2452; x_wconf 90' lang='lat' dir='ltr'><strong>autem,</strong></span> <span class='ocrx_word' id='word_1_173' title='bbox 1301 2375 1383 2436; x_wconf 89' lang='lat' dir='ltr'><strong>M.</strong></span> <span class='ocrx_word' id='word_1_174' title='bbox 1432 2372 1691 2451; x_wconf 90' lang='lat' dir='ltr'><strong>Antoni,</strong></span> <span class='ocrx_word' id='word_1_175' title='bbox 1737 2376 2056 2434; x_wconf 87' lang='lat' dir='ltr'><strong>absentem</strong></span> <span class='ocrx_word' id='word_1_176' title='bbox 2104 2376 2275 2435; x_wconf 90' lang='lat' dir='ltr'><strong>enim</strong></span> <span class='ocrx_word' id='word_1_177' title='bbox 2318 2325 2558 2453; x_wconf 90' lang='lat' dir='ltr'><strong>appell0,</strong></span> 
     </span>
     <span class='ocr_line' id='line_1_29' title="bbox 538 2471 2559 2550; baseline -0.001 -21"><span class='ocrx_word' id='word_1_178' title='bbox 538 2491 724 2530; x_wconf 89' lang='lat' dir='ltr'><strong>unum</strong></span> <span class='ocrx_word' id='word_1_179' title='bbox 769 2471 944 2532; x_wconf 91' lang='lat' dir='ltr'><strong>illum</strong></span> <span class='ocrx_word' id='word_1_180' title='bbox 993 2472 1175 2548; x_wconf 90' lang='lat' dir='ltr'><strong>diem,</strong></span> <span class='ocrx_word' id='word_1_181' title='bbox 1204 2492 1327 2550; x_wconf 92' lang='lat' dir='ltr'><strong>quo</strong></span> <span class='ocrx_word' id='word_1_182' title='bbox 1369 2473 1431 2530; x_wconf 89' lang='lat' dir='ltr'><strong>in</strong></span> <span class='ocrx_word' id='word_1_183' title='bbox 1474 2472 1626 2531; x_wconf 92' lang='lat' dir='ltr'><strong>aede</strong></span> <span class='ocrx_word' id='word_1_184' title='bbox 1664 2471 1930 2531; x_wconf 88' lang='lat' dir='ltr'><strong>Telluris</strong></span> <span class='ocrx_word' id='word_1_185' title='bbox 1966 2477 2225 2530; x_wconf 89' lang='lat' dir='ltr'><strong>senatus</strong></span> <span class='ocrx_word' id='word_1_186' title='bbox 2273 2472 2409 2547; x_wconf 85' lang='lat' dir='ltr'><strong>fuit,</strong></span> <span class='ocrx_word' id='word_1_187' title='bbox 2453 2487 2559 2527; x_wconf 90' lang='lat' dir='ltr'><strong>non</strong></span> 
     </span>
     <span class='ocr_line' id='line_1_30' title="bbox 540 2566 2559 2648; baseline -0.003 -18"><span class='ocrx_word' id='word_1_188' title='bbox 540 2569 823 2630; x_wconf 91' lang='lat' dir='ltr'><strong>omnibus</strong></span> <span class='ocrx_word' id='word_1_189' title='bbox 851 2569 949 2629; x_wconf 91' lang='lat' dir='ltr'><strong>his</strong></span> <span class='ocrx_word' id='word_1_190' title='bbox 977 2571 1310 2645; x_wconf 89' lang='lat' dir='ltr'><strong>mensibus,</strong></span> <span class='ocrx_word' id='word_1_191' title='bbox 1340 2570 1565 2648; x_wconf 91' lang='lat' dir='ltr'><strong>quibus</strong></span> <span class='ocrx_word' id='word_1_192' title='bbox 1593 2576 1659 2629; x_wconf 94' lang='lat' dir='ltr'><strong>te</strong></span> <span class='ocrx_word' id='word_1_193' title='bbox 1688 2569 1946 2647; x_wconf 72' lang='lat' dir='ltr'><strong>quidam,</strong></span> <span class='ocrx_word' id='word_1_194' title='bbox 1981 2568 2246 2627; x_wconf 89' lang='lat' dir='ltr'><strong>multum</strong></span> <span class='ocrx_word' id='word_1_195' title='bbox 2275 2590 2316 2627; x_wconf 89' lang='lat' dir='ltr'><strong>a</strong></span> <span class='ocrx_word' id='word_1_196' title='bbox 2343 2587 2437 2626; x_wconf 94' lang='lat' dir='ltr'><strong>me</strong></span> <span class='ocrx_word' id='word_1_197' title='bbox 2461 2566 2559 2625; x_wconf 89' lang='lat' dir='ltr'><strong>dis-</strong></span> 
     </span>
     <span class='ocr_line' id='line_1_31' title="bbox 541 2663 2559 2745; baseline -0.003 -18"><span class='ocrx_word' id='word_1_198' title='bbox 541 2668 880 2728; x_wconf 87' lang='lat' dir='ltr'><strong>sentientes</strong></span> <span class='ocrx_word' id='word_1_199' title='bbox 908 2666 1159 2727; x_wconf 88' lang='lat' dir='ltr'><strong>beatum</strong></span> <span class='ocrx_word' id='word_1_200' title='bbox 1186 2672 1432 2745; x_wconf 89' lang='lat' dir='ltr'><strong>putant,</strong></span> <span class='ocrx_word' id='word_1_201' title='bbox 1462 2666 1790 2743; x_wconf 88' lang='lat' dir='ltr'><strong>anteponis</strong></span> <span class='ocrx_word' id='word_1_202' title='bbox 1811 2666 1842 2726; x_wconf 82' lang='lat'>?</span> <span class='ocrx_word' id='word_1_203' title='bbox 1921 2663 2098 2738; x_wconf 81' lang='lat' dir='ltr'><strong>Quae</strong></span> <span class='ocrx_word' id='word_1_204' title='bbox 2124 2665 2247 2723; x_wconf 87' lang='lat' dir='ltr'><strong>fuit</strong></span> <span class='ocrx_word' id='word_1_205' title='bbox 2275 2664 2471 2724; x_wconf 90' lang='lat' dir='ltr'><strong>oratio</strong></span> <span class='ocrx_word' id='word_1_206' title='bbox 2493 2663 2559 2720; x_wconf 88' lang='lat' dir='ltr'><strong>de</strong></span> 
     </span>
     <span class='ocr_line' id='line_1_32' title="bbox 542 2758 2562 2842; baseline -0.003 -19"><span class='ocrx_word' id='word_1_207' title='bbox 542 2766 898 2826; x_wconf 75' lang='lat' dir='ltr'><strong>concordia!</strong></span> <span class='ocrx_word' id='word_1_208' title='bbox 941 2770 1174 2842; x_wconf 89' lang='lat' dir='ltr'><strong>quanto</strong></span> <span class='ocrx_word' id='word_1_209' title='bbox 1200 2776 1375 2823; x_wconf 90' lang='lat' dir='ltr'><strong>metu</strong></span> <span class='ocrx_word' id='word_1_210' title='bbox 1415 2769 1691 2839; x_wconf 90' lang='lat' dir='ltr'><strong>senatus,</strong></span> <span class='ocrx_word' id='word_1_211' title='bbox 1718 2768 1951 2840; x_wconf 87' lang='lat' dir='ltr'><strong>quanta</strong></span> <span class='ocrx_word' id='word_1_212' title='bbox 1993 2761 2415 2821; x_wconf 89' lang='lat' dir='ltr'><strong>sollicitudine</strong></span> <span class='ocrx_word' id='word_1_213' title='bbox 2441 2758 2562 2819; x_wconf 85' lang='lat' dir='ltr'><strong>civi-</strong></span> 
     </span>
     <span class='ocr_line' id='line_1_33' title="bbox 543 2855 2559 2937; baseline -0.004 -17"><span class='ocrx_word' id='word_1_214' title='bbox 543 2869 641 2920; x_wconf 89' lang='lat' dir='ltr'><strong>tas</strong></span> <span class='ocrx_word' id='word_1_215' title='bbox 673 2874 807 2920; x_wconf 88' lang='lat' dir='ltr'><strong>tum</strong></span> <span class='ocrx_word' id='word_1_216' title='bbox 850 2880 888 2919; x_wconf 90' lang='lat' dir='ltr'><strong>a</strong></span> <span class='ocrx_word' id='word_1_217' title='bbox 924 2867 989 2921; x_wconf 96' lang='lat' dir='ltr'><strong>te</strong></span> <span class='ocrx_word' id='word_1_218' title='bbox 1026 2861 1286 2921; x_wconf 89' lang='lat' dir='ltr'><strong>liberata</strong></span> <span class='ocrx_word' id='word_1_219' title='bbox 1330 2865 1446 2935; x_wconf 90' lang='lat' dir='ltr'><strong>est,</strong></span> <span class='ocrx_word' id='word_1_220' title='bbox 1476 2880 1665 2937; x_wconf 92' lang='lat' dir='ltr'><strong>quum</strong></span> <span class='ocrx_word' id='word_1_221' title='bbox 1704 2858 2006 2937; x_wconf 90' lang='lat' dir='ltr'><strong>collegam</strong></span> <span class='ocrx_word' id='word_1_222' title='bbox 2052 2865 2231 2917; x_wconf 90' lang='lat' dir='ltr'><strong>tuum</strong></span> <span class='ocrx_word' id='word_1_223' title='bbox 2280 2855 2559 2936; x_wconf 86' lang='lat' dir='ltr'><strong>depositis</strong></span> 
     </span>
     <span class='ocr_line' id='line_1_34' title="bbox 543 2953 2561 3035; baseline -0.002 -21"><span class='ocrx_word' id='word_1_224' title='bbox 543 2957 903 3032; x_wconf 82' lang='lat' dir='ltr'><strong>inimicitiis,</strong></span> <span class='ocrx_word' id='word_1_225' title='bbox 932 2958 1161 3016; x_wconf 89' lang='lat' dir='ltr'><strong>oblitus</strong></span> <span class='ocrx_word' id='word_1_226' title='bbox 1190 2958 1604 3035; x_wconf 87' lang='lat' dir='ltr'><strong>auspiciorum</strong></span> <span class='ocrx_word' id='word_1_227' title='bbox 1632 2977 1669 3015; x_wconf 88' lang='lat' dir='ltr'><strong>a</strong></span> <span class='ocrx_word' id='word_1_228' title='bbox 1698 2962 1764 3016; x_wconf 93' lang='lat' dir='ltr'><strong>te</strong></span> <span class='ocrx_word' id='word_1_229' title='bbox 1793 2957 1930 3035; x_wconf 90' lang='lat' dir='ltr'><strong>ipso</strong></span> <span class='ocrx_word' id='word_1_230' title='bbox 1958 2976 2192 3034; x_wconf 90' lang='lat' dir='ltr'><strong>augure</strong></span> <span class='ocrx_word' id='word_1_231' title='bbox 2221 2954 2436 3033; x_wconf 92' lang='lat' dir='ltr'><strong>populi</strong></span> <span class='ocrx_word' id='word_1_232' title='bbox 2460 2953 2561 3010; x_wconf 87' lang='lat' dir='ltr'><strong>Ro-</strong></span> 
     </span>
     <span class='ocr_line' id='line_1_35' title="bbox 542 3049 2560 3133; baseline -0.001 -23"><span class='ocrx_word' id='word_1_233' title='bbox 542 3055 708 3111; x_wconf 90' lang='lat' dir='ltr'><strong>mani</strong></span> <span class='ocrx_word' id='word_1_234' title='bbox 736 3054 1170 3131; x_wconf 88' lang='lat' dir='ltr'><strong>nuntiatorum,</strong></span> <span class='ocrx_word' id='word_1_235' title='bbox 1199 3054 1305 3113; x_wconf 92' lang='lat' dir='ltr'><strong>illo</strong></span> <span class='ocrx_word' id='word_1_236' title='bbox 1333 3055 1598 3133; x_wconf 90' lang='lat' dir='ltr'><strong>primum</strong></span> <span class='ocrx_word' id='word_1_237' title='bbox 1628 3054 1729 3114; x_wconf 92' lang='lat' dir='ltr'><strong>die</strong></span> <span class='ocrx_word' id='word_1_238' title='bbox 1771 3053 2074 3132; x_wconf 89' lang='lat' dir='ltr'><strong>collegam</strong></span> <span class='ocrx_word' id='word_1_239' title='bbox 2101 3053 2220 3112; x_wconf 90' lang='lat' dir='ltr'><strong>tibi</strong></span> <span class='ocrx_word' id='word_1_240' title='bbox 2249 3073 2388 3112; x_wconf 90' lang='lat' dir='ltr'><strong>esse</strong></span> <span class='ocrx_word' id='word_1_241' title='bbox 2417 3049 2560 3111; x_wconf 90' lang='lat' dir='ltr'><strong>volu-</strong></span> 
     </span>
     <span class='ocr_line' id='line_1_36' title="bbox 542 3147 2560 3229; baseline -0.002 -23"><span class='ocrx_word' id='word_1_242' title='bbox 542 3150 667 3224; x_wconf 90' lang='lat' dir='ltr'><strong>isti,</strong></span> <span class='ocrx_word' id='word_1_243' title='bbox 696 3156 839 3208; x_wconf 92' lang='lat' dir='ltr'><strong>tuus</strong></span> <span class='ocrx_word' id='word_1_244' title='bbox 868 3171 1089 3227; x_wconf 89' lang='lat' dir='ltr'><strong>parvus</strong></span> <span class='ocrx_word' id='word_1_245' title='bbox 1117 3151 1276 3210; x_wconf 88' lang='lat' dir='ltr'><strong>filius</strong></span> <span class='ocrx_word' id='word_1_246' title='bbox 1301 3153 1368 3209; x_wconf 92' lang='lat' dir='ltr'><strong>in</strong></span> <span class='ocrx_word' id='word_1_247' title='bbox 1397 3150 1769 3229; x_wconf 87' lang='lat' dir='ltr'><strong>Capitolium</strong></span> <span class='ocrx_word' id='word_1_248' title='bbox 1793 3172 1829 3210; x_wconf 91' lang='lat' dir='ltr'><strong>a</strong></span> <span class='ocrx_word' id='word_1_249' title='bbox 1857 3158 1922 3211; x_wconf 93' lang='lat' dir='ltr'><strong>te</strong></span> <span class='ocrx_word' id='word_1_250' title='bbox 1951 3150 2172 3209; x_wconf 89' lang='lat' dir='ltr'><strong>missus</strong></span> <span class='ocrx_word' id='word_1_251' title='bbox 2199 3151 2372 3228; x_wconf 88' lang='lat' dir='ltr'><strong>pacis</strong></span> <span class='ocrx_word' id='word_1_252' title='bbox 2398 3147 2560 3208; x_wconf 89' lang='lat' dir='ltr'><strong>obses</strong></span> 
     </span>
     <span class='ocr_line' id='line_1_37' title="bbox 542 3243 2560 3325; baseline -0 -22"><span class='ocrx_word' id='word_1_253' title='bbox 542 3247 693 3307; x_wconf 88' lang='lat' dir='ltr'><strong>fuit!</strong></span> <span class='ocrx_word' id='word_1_254' title='bbox 777 3244 917 3319; x_wconf 81' lang='lat' dir='ltr'><strong>Quo</strong></span> <span class='ocrx_word' id='word_1_255' title='bbox 960 3254 1213 3308; x_wconf 90' lang='lat' dir='ltr'><strong>senatus</strong></span> <span class='ocrx_word' id='word_1_256' title='bbox 1269 3250 1370 3308; x_wconf 92' lang='lat' dir='ltr'><strong>die</strong></span> <span class='ocrx_word' id='word_1_257' title='bbox 1425 3249 1696 3309; x_wconf 80' lang='lat' dir='ltr'><strong>laetior?</strong></span> <span class='ocrx_word' id='word_1_258' title='bbox 1737 3267 1861 3325; x_wconf 92' lang='lat' dir='ltr'><strong>quo</strong></span> <span class='ocrx_word' id='word_1_259' title='bbox 1902 3246 2167 3325; x_wconf 89' lang='lat' dir='ltr'><strong>populus</strong></span> <span class='ocrx_word' id='word_1_260' title='bbox 2215 3243 2560 3305; x_wconf 80' lang='lat' dir='ltr'><strong>Romanus?</strong></span> 
     </span>
     <span class='ocr_line' id='line_1_38' title="bbox 544 3339 2556 3422; baseline -0.003 -20"><span class='ocrx_word' id='word_1_261' title='bbox 544 3345 648 3421; x_wconf 91' lang='lat' dir='ltr'><strong>qui</strong></span> <span class='ocrx_word' id='word_1_262' title='bbox 698 3345 946 3422; x_wconf 90' lang='lat' dir='ltr'><strong>quidem</strong></span> <span class='ocrx_word' id='word_1_263' title='bbox 1000 3345 1168 3404; x_wconf 90' lang='lat' dir='ltr'><strong>nulla</strong></span> <span class='ocrx_word' id='word_1_264' title='bbox 1220 3346 1283 3403; x_wconf 91' lang='lat' dir='ltr'><strong>in</strong></span> <span class='ocrx_word' id='word_1_265' title='bbox 1341 3346 1630 3405; x_wconf 90' lang='lat' dir='ltr'><strong>contione</strong></span> <span class='ocrx_word' id='word_1_266' title='bbox 1685 3364 1957 3422; x_wconf 90' lang='lat' dir='ltr'><strong>unquam</strong></span> <span class='ocrx_word' id='word_1_267' title='bbox 2013 3343 2391 3420; x_wconf 88' lang='lat' dir='ltr'><strong>frequentior</strong></span> <span class='ocrx_word' id='word_1_268' title='bbox 2436 3339 2556 3398; x_wconf 86' lang='lat' dir='ltr'><strong>fuit.</strong></span> 
     </span>
     <span class='ocr_line' id='line_1_39' title="bbox 544 3437 2559 3521; baseline -0.003 -22"><span class='ocrx_word' id='word_1_269' title='bbox 544 3442 701 3500; x_wconf 87' lang='lat' dir='ltr'><strong>Tum</strong></span> <span class='ocrx_word' id='word_1_270' title='bbox 729 3443 993 3519; x_wconf 89' lang='lat' dir='ltr'><strong>denique</strong></span> <span class='ocrx_word' id='word_1_271' title='bbox 1022 3442 1266 3503; x_wconf 87' lang='lat' dir='ltr'><strong>liberati</strong></span> <span class='ocrx_word' id='word_1_272' title='bbox 1294 3463 1407 3521; x_wconf 90' lang='lat' dir='ltr'><strong>per</strong></span> <span class='ocrx_word' id='word_1_273' title='bbox 1435 3444 1599 3504; x_wconf 85' lang='lat' dir='ltr'><strong>viros</strong></span> <span class='ocrx_word' id='word_1_274' title='bbox 1618 3442 1991 3501; x_wconf 85' lang='lat' dir='ltr'><strong>fortissimos</strong></span> <span class='ocrx_word' id='word_1_275' title='bbox 2010 3439 2390 3514; x_wconf 88' lang='lat' dir='ltr'><strong>videbamur,</strong></span> <span class='ocrx_word' id='word_1_276' title='bbox 2410 3437 2559 3514; x_wconf 90' lang='lat' dir='ltr'><strong>quia,</strong></span> 
     </span>
     <span class='ocr_line' id='line_1_40' title="bbox 544 3535 2559 3618; baseline -0.003 -21"><span class='ocrx_word' id='word_1_277' title='bbox 544 3546 615 3597; x_wconf 93' lang='lat' dir='ltr'><strong>ut</strong></span> <span class='ocrx_word' id='word_1_278' title='bbox 643 3540 732 3596; x_wconf 93' lang='lat' dir='ltr'><strong>illi</strong></span> <span class='ocrx_word' id='word_1_279' title='bbox 760 3540 1098 3617; x_wconf 89' lang='lat' dir='ltr'><strong>voluerant,</strong></span> <span class='ocrx_word' id='word_1_280' title='bbox 1125 3539 1482 3600; x_wconf 90' lang='lat' dir='ltr'><strong>libertatem</strong></span> <span class='ocrx_word' id='word_1_281' title='bbox 1510 3561 1635 3618; x_wconf 88' lang='lat' dir='ltr'><strong>pax</strong></span> <span class='ocrx_word' id='word_1_282' title='bbox 1676 3537 2185 3615; x_wconf 90' lang='lat' dir='ltr'><strong>consequebatur.</strong></span> <span class='ocrx_word' id='word_1_283' title='bbox 2269 3535 2559 3607; x_wconf 84' lang='lat' dir='ltr'><strong>ProximO,</strong></span> 
     </span>
     <span class='ocr_line' id='line_1_41' title="bbox 545 3632 2560 3715; baseline -0.003 -23"><span class='ocrx_word' id='word_1_284' title='bbox 545 3635 759 3711; x_wconf 89' lang='lat' dir='ltr'><strong>alter0,</strong></span> <span class='ocrx_word' id='word_1_285' title='bbox 788 3637 992 3712; x_wconf 89' lang='lat' dir='ltr'><strong>tertio,</strong></span> <span class='ocrx_word' id='word_1_286' title='bbox 1021 3637 1285 3715; x_wconf 91' lang='lat' dir='ltr'><strong>denique</strong></span> <span class='ocrx_word' id='word_1_287' title='bbox 1326 3638 1581 3715; x_wconf 87' lang='lat' dir='ltr'><strong>reliquis</strong></span> <span class='ocrx_word' id='word_1_288' title='bbox 1625 3635 1974 3696; x_wconf 89' lang='lat' dir='ltr'><strong>consecutis</strong></span> <span class='ocrx_word' id='word_1_289' title='bbox 2003 3634 2220 3694; x_wconf 90' lang='lat' dir='ltr'><strong>diebus</strong></span> <span class='ocrx_word' id='word_1_290' title='bbox 2247 3653 2369 3691; x_wconf 90' lang='lat' dir='ltr'><strong>non</strong></span> <span class='ocrx_word' id='word_1_291' title='bbox 2397 3632 2560 3688; x_wconf 86' lang='lat' dir='ltr'><strong>inter·</strong></span> 
     </span>
     <span class='ocr_line' id='line_1_42' title="bbox 544 3728 2559 3810; baseline -0.002 -22"><span class='ocrx_word' id='word_1_292' title='bbox 544 3732 836 3791; x_wconf 85' lang='lat' dir='ltr'><strong>mittebas</strong></span> <span class='ocrx_word' id='word_1_293' title='bbox 859 3734 1037 3810; x_wconf 90' lang='lat' dir='ltr'><strong>quasi</strong></span> <span class='ocrx_word' id='word_1_294' title='bbox 1066 3734 1292 3791; x_wconf 90' lang='lat' dir='ltr'><strong>donum</strong></span> <span class='ocrx_word' id='word_1_295' title='bbox 1324 3733 1573 3810; x_wconf 88' lang='lat' dir='ltr'><strong>aliquod</strong></span> <span class='ocrx_word' id='word_1_296' title='bbox 1600 3733 1880 3809; x_wconf 89' lang='lat' dir='ltr'><strong>quotidie</strong></span> <span class='ocrx_word' id='word_1_297' title='bbox 1909 3732 2124 3791; x_wconf 88' lang='lat' dir='ltr'><strong>afferre</strong></span> <span class='ocrx_word' id='word_1_298' title='bbox 2152 3731 2244 3790; x_wconf 93' lang='lat' dir='ltr'><strong>rei</strong></span> <span class='ocrx_word' id='word_1_299' title='bbox 2271 3728 2559 3808; x_wconf 88' lang='lat' dir='ltr'><strong>publicae,</strong></span> 
     </span>
     <span class='ocr_line' id='line_1_43' title="bbox 546 3821 2557 3906; baseline -0 -25"><span class='ocrx_word' id='word_1_300' title='bbox 546 3828 881 3884; x_wconf 86' lang='lat' dir='ltr'><strong>maximum</strong></span> <span class='ocrx_word' id='word_1_301' title='bbox 922 3834 1128 3889; x_wconf 87' lang='lat' dir='ltr'><strong>autem</strong></span> <span class='ocrx_word' id='word_1_302' title='bbox 1170 3828 1341 3904; x_wconf 90' lang='lat' dir='ltr'><strong>illud,</strong></span> <span class='ocrx_word' id='word_1_303' title='bbox 1385 3829 1550 3906; x_wconf 87' lang='lat' dir='ltr'><strong>quod</strong></span> <span class='ocrx_word' id='word_1_304' title='bbox 1592 3830 1939 3888; x_wconf 83' lang='lat' dir='ltr'><strong>dictaturae</strong></span> <span class='ocrx_word' id='word_1_305' title='bbox 1988 3848 2211 3888; x_wconf 90' lang='lat' dir='ltr'><strong>nomen</strong></span> <span class='ocrx_word' id='word_1_306' title='bbox 2253 3821 2557 3886; x_wconf 89' lang='lat' dir='ltr'><strong>sustulisti.</strong></span> 
     </span>
    </p>
   </div>
  </div>
 </body>
</html>
