2725 4299
371 239 453 296 34
908 234 979 282 m
1027 233 1394 282 mmmmm
1439 232 1686 281 omno
1731 231 1984 283 ΤΕΒΤΙΑ.

473 397 589 457 bus
608 401 1078 474 anteponerent,
1101 396 1166 454 id
1190 414 1318 455 non
1334 393 1635 456 divinitus
1652 396 1885 454 factum
1901 412 2039 455 esse
2066 395 2331 473 putatis,
2351 415 2518 474 prae‘

473 494 684 554 sertim
713 494 820 572 qui
848 512 961 552 nos
989 511 1113 552 non
1140 493 1498 571 pugnandO,
1529 492 1640 551 sed
1668 492 1930 552 tacendo
1970 511 2261 573 superare
2303 499 2518 571 potue·

470 592 596 650 rint
612 593 644 652 ’Β

591 688 671 749 Χ.
719 686 919 761 Quam
962 688 1043 747 ob
1073 707 1220 762 rem,
1251 684 1547 764 QuiriteS‚
1576 684 1866 764 quoniam
1906 687 1987 746 ad
2012 685 2220 746 omnia
2249 687 2523 764 pulvina-

415 795 445 841 5
469 786 559 844 ria
603 786 970 863 supplicatio
1020 785 1266 844 decreta
1314 790 1434 860 est,
1463 784 1840 844 celebratote
1885 782 2025 842 illos
2053 783 2190 842 dies
2218 803 2359 841 cum
2386 803 2524 843 con-

467 880 720 961 jugibus
759 901 832 940 ao
870 879 1078 939 liberis
1121 878 1365 938 vestris.
1451 877 1618 936 Nam
1657 877 1838 937 multi
1878 897 2066 955 saepe
2105 877 2371 938 honores
2404 878 2523 937 diis

470 977 915 1038 immortalibus
963 975 1119 1056 justi
1162 973 1362 1034 habiti
1392 981 1538 1033 sunt
1575 993 1648 1033 ac
1676 974 1893 1050 debiti,
1923 975 2029 1033 sed
2074 974 2356 1052 profecto
2400 974 2525 1054 jus-

467 1074 659 1135 tiores
700 1094 1026 1153 nunquam.
1120 1071 1339 1149 Erepti
1368 1071 1532 1131 enim
1562 1070 1716 1130 estis
1743 1090 1824 1130 ex
1851 1069 2274 1130 crudelissimo
2300 1091 2375 1131 ac
2418 1071 2526 1129 mi·

469 1171 721 1230 serrimo
761 1171 1055 1230 interitu:
1105 1168 1237 1229 sine
1270 1167 1484 1244 caede,
1515 1167 1647 1228 sine
1698 1168 2019 1246 sanguine,
2049 1168 2183 1229 sine
2223 1169 2523 1246 exercitu,

383 1278 443 1324 10
470 1266 602 1326 sine
629 1266 1023 1326 dimicatione
1067 1265 1272 1344 togati
1300 1285 1401 1325 me
1430 1285 1557 1324 uno
1598 1271 1823 1344 togato
1849 1265 2004 1324 duce
2040 1270 2109 1325 et
2148 1265 2524 1344 imperatore

466 1362 723 1423 vicistis.
808 1361 1060 1423 Etenim
1103 1362 1528 1438 recordamini,
1558 1359 1855 1437 QuiriteS,
1896 1380 2111 1422 omnes
2151 1361 2365 1422 civiles
2407 1361 2528 1421 dis-

469 1459 803 1536 sensiones‚
831 1480 954 1519 non
997 1460 1193 1519 solum
1235 1480 1364 1537 eas,
1393 1479 1547 1538 quas
1592 1457 1873 1533 audistis,
1904 1458 2016 1517 sed
2052 1476 2177 1534 eaS,
2206 1477 2364 1536 quas
2392 1477 2529 1518 vos-

422 1566 432 1575 ·
467 1561 597 1616 met
636 1555 756 1635 ipsi
796 1557 1163 1619 meministis
1204 1565 1393 1636 atque
1423 1554 1686 1616 vidistis.
1771 1554 1842 1614 L.
1876 1553 2048 1614 Sulla
2075 1553 2144 1615 P.
2178 1553 2526 1632 Sulpicium

467 1654 812 1730 oppressit:
871 1654 937 1715 G.
984 1654 1268 1730 Marium,
1314 1654 1635 1713 custodem
1690 1652 1876 1731 hujus
1930 1652 2118 1728 urbis,
2166 1652 2526 1730 multosque

382 1763 440 1808 15
466 1751 660 1811 fortes
679 1751 846 1811 viros
874 1752 1098 1830 partim
1126 1750 1312 1831 ejecit
1334 1771 1414 1810 ex
1435 1750 1711 1825 civitate,
1731 1749 1957 1828 partim
1984 1748 2318 1809 interemit.
2407 1749 2521 1811 On.

469 1845 767 1908 Octavius
795 1848 1008 1909 consul
1038 1848 1223 1907 armis
1251 1845 1491 1925 expulit
1519 1867 1598 1906 ex
1627 1845 1778 1906 urbe
1807 1832 2145 1924 collegam:
2191 1845 2394 1904 omnis
2419 1845 2526 1906 hic

467 1943 638 2004 locus
666 1945 898 2005 acervis
926 1965 1242 2022 corporum
1268 1950 1335 2004 et
1364 1944 1591 2004 civium
1615 1943 1915 2021 sanguine
1935 1942 2322 2023 redundavit.
2354 1961 2364 1966 ’
2412 1942 2526 2003 Su-

466 2041 709 2118 peravit
733 2047 955 2118 postea
983 2040 1182 2099 Cinna
1210 2061 1350 2099 cum
1379 2040 1612 2100 Mario:
1656 2046 1788 2099 tum
1812 2058 1976 2116 vem,
1997 2038 2349 2099 clarissimis
2371 2039 2525 2100 viris

467 2136 827 2213 interfectis,
848 2135 1079 2195 lumina
1101 2136 1375 2198 civitatis
1405 2137 1715 2208 exstincta
1740 2144 1901 2200 sunt.
1985 2137 2177 2198 Ultus
2205 2143 2304 2198 est
2330 2135 2524 2218 hujus

379 2245 442 2292 20
467 2232 762 2292 victoriae
807 2231 1236 2294 crudelitatem
1282 2242 1503 2313 postea
1549 2235 1740 2313 Sulla,
1777 2256 1857 2295 ne
1874 2250 1879 2254 ·
1899 2235 2022 2295 dici
2066 2234 2318 2314 quidem
2357 2255 2524 2314 opus

466 2336 582 2405 est,
615 2321 848 2408 quanta
893 2331 1315 2392 deminutione
1361 2332 1590 2392 civium
1638 2339 1706 2394 et
1746 2339 1980 2412 quanta
2030 2331 2385 2393 calamitate
2426 2332 2524 2409 rei

465 2426 766 2502 publicae.
852 2427 1162 2487 Dissensit
1202 2429 1285 2489 M.
1318 2423 1593 2506 Lepidus
1620 2450 1659 2488 a
1688 2429 2025 2489 clarissimo
2066 2447 2139 2488 ac
2179 2428 2524 2490 fortissimo

466 2523 596 2583 viro
619 2521 693 2596 Q.
719 2523 977 2584 Catulo:
1020 2523 1235 2583 attulit
1262 2544 1388 2583 non
1412 2536 1543 2584 tam
1569 2525 1766 2605 ipsius
1795 2526 2083 2587 interitus
2110 2525 2201 2587 rei
2227 2525 2522 2604 publicae

464 2614 698 2679 luctum
725 2641 909 2699 quam
937 2627 1294 2683 ceterorum.

377 2728 439 2775 25
586 2716 798 2795 Atque
826 2717 969 2778 illae
1011 2727 1219 2779 tamen
1248 2740 1462 2781 omnes
1490 2720 1926 2799 dissensioneS‚
1954 2741 2113 2800 quae
2150 2740 2276 2781 non
2305 2720 2387 2779 ad
2414 2719 2522 2779 de-

463 2815 728 2890 lendam,
756 2815 868 2874 sed
895 2816 974 2873 ad
1003 2819 1497 2876 commutandam
1526 2837 1652 2877 rem
1696 2817 2009 2895 publicam
2034 2816 2520 2896 pertinebant-—

463 2930 587 2968 non
616 2910 707 2967 illi
734 2909 965 2967 nullam
993 2931 1127 2970 esse
1156 2932 1286 2972 rem
1325 2913 1656 2991 publicam,
1685 2915 1796 2974 sed
1824 2914 1889 2973 in
1918 2934 2009 2989 ea,
2038 2934 2197 2992 quae
2226 2925 2413 2988 esset,
2442 2932 2517 2972 se

464 3026 598 3065 esse
625 3005 955 3083 principeS‚
983 3027 1185 3085 neque
1215 3008 1372 3068 hanc
1400 3010 1615 3070 urbem
1642 3011 2037 3090 conflagrare,
2067 3010 2177 3069 sed
2205 3029 2271 3069 se
2301 3009 2366 3067 in
2393 3007 2516 3069 hac

465 3102 614 3160 urbe
641 3102 855 3161 florere
883 3100 1428 3185 voluerunt—ejus
1454 3106 1625 3165 modi
1651 3108 1921 3183 fuerunt,
1949 3114 2022 3165 ut
2047 3127 2173 3165 non
2200 3105 2515 3165 reconcili-

377 3213 438 3256 30
465 3198 670 3257 atione
699 3200 1076 3278 concordiae,
1111 3202 1222 3261 sed
1251 3191 1670 3264 internecione
1701 3204 1926 3265 civium
1953 3202 2331 3282 dijudicatae
2360 3202 2508 3263 sint.

462 3294 537 3354 In
583 3294 701 3354 hoc
730 3295 936 3357 autem
982 3318 1106 3358 uno
1153 3306 1300 3377 post
1339 3299 1656 3359 hominum
1689 3300 2042 3361 memoriam
2068 3299 2337 3357 maximo
2380 3319 2514 3357 cru-

463 3391 896 3472 delissimoque
919 3393 1105 3471 bello,
1129 3396 1308 3473 quale
1330 3395 1561 3455 bellum
1581 3396 1750 3455 nulla
1772 3417 2040 3475 unquam
2067 3394 2347 3455 barbaria
2367 3414 2511 3453 cum

464 3507 574 3546 sua
600 3496 792 3567 gente
821 3492 1040 3569 gessit,
1071 3512 1193 3569 quo
1222 3492 1287 3550 in
1314 3492 1479 3553 bello
1506 3492 1611 3553 lex
1637 3493 1789 3553 haec
1816 3494 1936 3551 fuit
1962 3514 2000 3552 a
2026 3491 2312 3567 Lentulo,
2343 3490 2511 3550 Cati·

461 3584 606 3661 lina,
638 3585 939 3665 Cetheg0‚
969 3586 1183 3646 Cassio
1223 3589 1583 3666 constituta,
1621 3596 1693 3647 ut
1733 3609 1966 3666 omneS,
1982 3589 2102 3667 qui
2144 3587 2314 3648 salva
2353 3588 2507 3647 urbe

376 3692 436 3739 35
465 3681 620 3743 salvi
657 3703 793 3743 esse
835 3690 1111 3762 possent,
1140 3683 1205 3742 in
1246 3684 1521 3744 hostium
1562 3706 1818 3747 numero
1858 3687 2244 3760 ducerentur,
2272 3684 2362 3742 ita
2403 3704 2506 3744 me

467 3779 653 3855 gessi,
685 3777 978 3855 Quirites,
1009 3785 1080 3838 ut
1128 3800 1342 3839 omnes
1393 3782 1545 3841 salvi
1596 3781 2143 3856 conservaremini3
2187 3786 2270 3854 et,
2312 3799 2505 3856 quum
