2725 4299
726 295 814 343 DE
858 294 1134 345 IMPERIO
1180 295 1280 345 GN.
1328 295 1603 345 POMPEII
1649 297 1907 348 ORATIO.
2317 303 2392 361 61

233 459 284 517 si
310 456 466 534 quid
509 457 902 515 auctoritatis
930 458 997 515 in
1036 477 1137 515 me
1165 463 1281 532 est,
1311 459 1479 536 apud
1505 479 1613 519 eos
1646 466 1802 536 utar,
1829 461 1933 538 qui
1961 480 2097 520 eam
2138 460 2292 521 mihi

231 555 560 629 dederunt,
590 559 659 613 et
687 553 740 611 si
770 553 920 630 quid
960 553 1026 610 in
1054 553 1318 613 dicendo
1345 556 1636 633 consequi
1674 575 1945 633 possum,
1974 557 2052 616 iis
2089 563 2292 617 osten·

233 654 374 713 dam
403 651 822 730 potissimum,
846 650 953 726 qui
975 650 1033 709 ei
1054 636 1300 728 quoque
1322 652 1412 710 rei
1432 652 1695 710 fructum
1715 671 1827 712 suo
1850 653 2084 733 judicio
2104 654 2290 713 tribu-

231 752 462 810 endum
491 768 630 808 esse
660 748 986 806 duxerunt.
1076 744 1289 825 Atque
1327 747 1482 806 illud
1509 749 1575 806 in
1617 749 1831 826 primis
1872 749 2021 808 mihi
2059 750 2289 810 laetan-

232 849 380 906 dum
422 847 561 926 jure
590 864 727 905 esse
756 844 957 919 vide0,
989 844 1156 920 quod
1183 845 1251 901 in
1290 843 1407 903 hac
1433 844 1683 904 insolita
1710 844 1857 904 mihi
1884 866 1964 906 ex
1991 846 2105 905 hoc
2146 847 2284 907 loco
2311 862 2341 906 5

231 944 474 1004 ratione
502 942 752 1003 dicendi
790 960 979 1000 causa
1021 940 1165 999 talis
1193 920 1405 1000 oblata
1432 953 1550 1018 est,
1577 942 1643 999 in
1670 962 1793 1019 qua
1832 944 2030 1001 oratio
2070 944 2286 1003 deesse

230 1041 466 1101 nemini
504 1040 723 1118 possit.
807 1038 1154 1097 Dicendum
1183 1044 1282 1097 est
1320 1038 1487 1097 enim
1513 1038 1594 1097 de
1623 1037 1732 1097 Cn.
1765 1038 2045 1116 Pompeii
2086 1040 2290 1117 singu-

229 1136 346 1196 lari
373 1138 723 1215 eximiaque
751 1136 1020 1212 virtute3
1065 1134 1250 1213 hujus
1292 1140 1503 1194 autem
1541 1135 1836 1193 orationis
1863 1134 2161 1194 difficilius
2189 1143 2288 1196 est

231 1235 472 1294 exitum
499 1254 685 1312 quam
720 1233 1092 1311 principium
1118 1232 1412 1292 invenire.
1498 1231 1600 1291 Ita
1627 1230 1773 1290 mihi
1799 1251 1923 1292 non
1950 1238 2080 1291 tam
2108 1233 2286 1311 copia

230 1351 415 1409 quam
441 1332 661 1392 modus
688 1332 752 1389 in
781 1331 1041 1390 dicendo
1072 1329 1460 1407 quaerendus
1489 1335 1604 1390 est.
2313 1345 2375 1391 10

353 1428 435 1488 II.
480 1427 692 1507 Atque
736 1435 809 1487 ut
848 1428 996 1487 inde
1024 1427 1226 1487 oratio
1268 1445 1407 1486 mea
1454 1427 1894 1504 proficiscatur,
1922 1428 2085 1488 unde
2127 1428 2282 1489 haec

230 1527 434 1585 omnis
477 1545 663 1586 causa
706 1525 966 1600 ducitur,
993 1523 1225 1584 bellum
1268 1543 1460 1602 grave
1505 1530 1573 1584 et
1614 1524 2024 1602 periculosum
2056 1526 2282 1585 vestris

228 1621 642 1700 vectigalibus
678 1642 751 1680 ac
778 1623 965 1681 sociis
993 1642 1030 1680 a
1058 1623 1297 1681 duobus
1340 1622 1787 1700 potentissimis
1813 1622 2063 1701 regibus
2106 1623 2286 1683 infer-

226 1727 348 1796 tur,
376 1718 739 1779 Mithridate
780 1725 848 1780 et
888 1718 1173 1797 Tigrane,
1203 1739 1463 1797 quorum
1499 1719 1657 1779 alter
1698 1719 1970 1796 relictuS,
1999 1718 2158 1779 alter
2199 1720 2282 1778 la-

229 1817 496 1877 cessitus
544 1817 925 1876 occasionem
975 1817 1096 1875 sibi
1145 1816 1226 1875 ad
1275 1817 1699 1894 occupandam
1744 1815 1962 1875 Asiam
2009 1800 2278 1876 oblatam
2308 1827 2369 1874 15

228 1933 368 1973 esse
410 1913 801 1973 arbitrantur.
887 1911 1217 1990 Equitibus
1259 1913 1577 1989 Romanis,
1617 1912 2070 1972 honestissimis
2111 1914 2280 1990 viris,

228 2004 570 2069 afferuntur
613 2029 692 2069 ex
735 2008 890 2069 Asia
933 2011 1213 2088 quotidie
1259 2009 1526 2087 litterae,
1571 2029 1829 2088 quorum
1870 2029 2134 2089 magnae
2181 2030 2280 2070 res

228 2112 521 2186 aguntur,
549 2107 615 2165 in
653 2107 878 2168 vestris
905 2106 1315 2187 vectigalibus
1357 2106 1717 2168 exercendis
1759 2115 2129 2187 occupatae;
2171 2108 2277 2188 qui

227 2205 307 2264 ad
350 2225 452 2266 me
499 2225 614 2283 pro
656 2205 1132 2281 necessitudine,
1174 2224 1332 2282 quae
1372 2205 1522 2265 mihi
1564 2211 1664 2265 est
1707 2226 1845 2265 cum
1892 2206 2000 2267 illo
2043 2208 2274 2283 ordine,

228 2322 477 2361 causam
505 2302 598 2362 rei
633 2301 916 2380 publicae
955 2302 1347 2380 periculaque
1377 2322 1580 2362 rerum
1610 2322 1855 2362 suarum
1882 2304 2275 2381 detulerunt3
2302 2317 2368 2364 20

226 2398 587 2479 Bithyniae,
633 2418 791 2476 quae
832 2420 995 2459 nunc
1037 2406 1244 2459 vestra
1289 2399 1602 2478 provincia
1647 2408 1764 2477 est,
1809 2401 1981 2462 vicos
2024 2408 2277 2461 exustos

227 2517 365 2557 esse
407 2495 790 2574 complures3
832 2517 1091 2574 regnum
1122 2495 1575 2573 Ariobarzanis,
1605 2499 1771 2575 quod
1811 2498 2138 2557 finitimum
2181 2503 2278 2558 est

225 2595 451 2654 vestris
493 2593 917 2672 vectigalibuS,
955 2600 1159 2652 totum
1204 2613 1341 2653 esse
1387 2596 1449 2652 in
1494 2594 1766 2654 hostium
1809 2601 2163 2672 potestate3
2204 2593 2275 2653 L,

224 2690 552 2750 Lucullum
577 2691 822 2768 magnis
865 2690 1050 2749 rebus
1093 2692 1290 2768 gestis
1329 2692 1409 2750 ab
1437 2711 1514 2752 eo
1554 2691 1718 2751 bello
1746 2691 2095 2766 discedere3
2135 2689 2277 2748 huic

226 2789 335 2867 qui
379 2788 748 2847 successerit
789 2808 913 2846 non
940 2788 1092 2846 satis
1121 2807 1260 2847 esse
1305 2794 1592 2865 paratum
1638 2788 1716 2846 ad
1760 2793 2003 2845 tantum
2048 2785 2276 2845 bellum
2301 2799 2365 2847 25

224 2884 817 2961 administrandum3
859 2905 1047 2943 unum
1075 2885 1155 2952 ab
1184 2887 1468 2946 omnibus
1513 2887 1693 2946 sociis
1733 2892 1799 2945 et
1825 2885 2062 2945 civibus
2103 2885 2183 2943 ad
2209 2884 2276 2943 id
2393 2881 2402 2888 ”

223 2983 456 3043 bellum
514 2983 941 3059 imperatorem
991 2983 1238 3060 deposci
1294 2991 1483 3062 atque
1526 2985 1756 3063 expeti,
1797 2984 2062 3044 eundem
2114 2982 2275 3044 hunc

223 3100 416 3140 unum
443 3078 526 3138 ab
552 3078 836 3138 hostibus
863 3079 1076 3156 metui,
1107 3087 1432 3159 praeterea
1462 3082 1785 3142 neminem.

347 3175 555 3236 Causa
580 3195 738 3253 quae
766 3177 847 3236 sit
872 3177 1096 3236 videtis
1122 3197 1136 3238 :
1181 3198 1345 3237 nunc
1379 3179 1531 3256 quid
1559 3180 1866 3257 agendum
1896 3180 1979 3239 sit
2006 3181 2278 3240 conside·

222 3279 374 3334 rate.
462 3272 740 3331 Primum
766 3272 916 3331 mihi
937 3274 1186 3334 videtur
1214 3275 1293 3334 de
1320 3294 1550 3352 genere
1576 3274 1743 3352 belli,
1765 3276 1988 3336 deinde
2011 3279 2089 3337 de
2109 3297 2276 3355 mag·
2302 3286 2366 3333 30

223 3371 530 3445 nitudine,
552 3375 685 3427 tum
707 3370 784 3430 de
813 3370 1183 3447 imperatore
1214 3371 1548 3450 deligendo
1570 3392 1705 3432 esse
1728 3373 2072 3434 dicendum.
2159 3372 2277 3432 Ge·

224 3488 341 3526 nus
362 3472 464 3527 est
484 3465 631 3526 belli
653 3467 788 3546 ejus
811 3467 994 3542 modi,
1018 3468 1185 3544 quod
1207 3470 1470 3527 maxime
1491 3475 1728 3528 vestros
1752 3472 1987 3529 animos
2011 3470 2277 3529 excitare

225 3570 415 3641 atque
455 3564 832 3624 inflammare
863 3565 944 3623 ad
986 3566 1395 3642 persequendi
1436 3567 1706 3625 studium
1753 3568 2015 3641 debeat3
2059 3566 2121 3638 in
2156 3583 2278 3640 quo

225 3661 432 3739 agitur
472 3661 690 3739 populi
734 3661 998 3720 Romani
1027 3660 1241 3738 gloria,
1270 3682 1428 3739 quae
1456 3662 1634 3722 vobis
1665 3684 1701 3721 a
1729 3661 2063 3741 majoribus
2091 3679 2275 3735 quum

226 3777 456 3835 magna
482 3759 547 3815 in
577 3757 855 3818 omnibus
894 3756 1096 3833 rebuS,
1124 3763 1254 3815 tum
1300 3778 1539 3817 summa
1577 3759 1642 3815 in
1669 3778 1734 3816 re
1775 3755 2023 3815 militari
2050 3755 2277 3815 tradita
2304 3766 2366 3813 35

228 3858 365 3929 θεῖς
409 3854 619 3931 agitur
661 3852 825 3911 salus
855 3853 1368 3931 sociorumat'que
1410 3854 1755 3926 amicorum,
1782 3871 1894 3929 pro
1922 3870 2043 3928 qua
2085 3852 2279 3913 multa

812 3936 848 3986 4
