2725 4299
786 309 916 361 PRO
960 308 1134 360 REGE
1177 309 1512 360 DEIOTARO
1556 308 1815 361 ORATIO.
2255 313 2372 377 107

220 473 383 549 bam,
413 490 611 549 quum
636 470 825 531 verba
857 469 1200 547 audiebam,
1228 490 1354 529 non
1381 476 1511 529 tam
1537 469 1827 530 afflictam
1865 471 2100 550 regiam
2128 489 2268 532 con-

220 568 531 629 dicionem
560 566 845 626 dolebam
865 586 1050 644 quam
1070 567 1149 626 de
1175 566 1444 625 fortunis
1465 567 1885 626 communibus
1913 568 2268 629 extimesce-

220 666 383 726 bam.
472 664 540 724 N
540 685 640 723 am
670 683 858 742 quum
886 683 1054 723 more
1095 664 1400 742 majorum
1427 664 1506 724 de
1536 684 1713 725 servo
1739 666 1805 723 in
1831 665 2145 724 dominum
2184 686 2266 726 ne

220 762 559 824 tormentis
608 760 855 839 quidem
899 760 1113 838 quaeri
1159 760 1365 838 liceat,
1409 761 1472 818 in
1516 781 1639 839 qua
1682 764 2043 840 quaestione
2090 762 2266 822 dolor

222 859 445 920 elicere
473 877 677 918 veram
705 876 920 916 vocem
947 856 1149 935 possit
1177 858 1367 916 etiam
1395 857 1474 918 ab
1500 858 1716 934 invito,
1744 865 1994 918 exortus
2022 866 2120 918 est
2147 880 2265 919 ser-
2289 872 2320 917 5

219 976 357 1033 VuS,
384 956 517 1035 qui,
545 973 730 1033 quem
758 954 824 1012 in
851 952 1068 1016 eculeo
1095 946 1409 1032 appellare
1438 975 1566 1014 non
1592 961 1828 1034 posset,
1856 975 1994 1015 eum
2023 962 2268 1017 accuset

221 1053 483 1113 solutus,

340 1149 424 1209 Π.
471 1147 806 1210 Perturbat
831 1167 950 1224 me,
973 1146 1038 1208 G.
1074 1147 1323 1225 Caesar,
1351 1148 1545 1207 etiam
1570 1147 1725 1207 illud
1751 1148 2076 1225 interdum,
2103 1148 2268 1225 quod

219 1253 456 1322 tamen,
484 1265 676 1323 quum
705 1252 770 1305 te
802 1244 1055 1324 penitus
1082 1245 1437 1324 recognovi,
1464 1245 1686 1306 timere
1713 1245 1966 1321 desino;
2007 1265 2074 1305 re
2102 1245 2267 1305 enim

220 1343 504 1420 iniquum
523 1348 643 1418 est,
666 1342 775 1403 sed
795 1347 904 1401 tua
925 1341 1230 1420 sapientia
1251 1341 1324 1399 fit
1342 1342 1794 1419 aequissimum.
1879 1342 2040 1402 Nam
2061 1342 2264 1403 dicere
2293 1356 2356 1403 10

222 1440 393 1518 apud
419 1459 564 1499 eum
591 1439 670 1499 de
697 1438 985 1514 facinore,
1015 1428 1230 1498 contra
1258 1438 1435 1517 cujus
1466 1439 1656 1500 vitam
1690 1439 2014 1499 consilium
2041 1440 2265 1500 facino-

219 1537 306 1595 ris
348 1536 542 1595 inisse
583 1555 863 1615 arguare,
904 1555 1095 1613 quum
1148 1556 1261 1613 per
1302 1555 1370 1595 se
1421 1536 1624 1615 ipsum
1667 1537 2036 1614 considereS,
2075 1557 2264 1616 grave

223 1641 322 1695 est
345 1655 362 1710 3
403 1653 590 1693 nemo
617 1633 781 1692 enim
809 1633 937 1692 fere
966 1639 1082 1709 est,
1114 1633 1221 1711 qui
1250 1634 1342 1692 sui
1383 1634 1643 1710 periculi
1680 1634 1871 1713 judex
1897 1654 2021 1693 non
2050 1634 2169 1693 sibi
2197 1653 2266 1693 se

222 1730 577 1808 aequiorem
614 1750 796 1808 quam
830 1749 938 1788 reo
977 1729 1313 1807 praebeat:
1357 1731 1469 1790 sed
1510 1737 1641 1807 tua,
1670 1729 1915 1806 Caesar,
1942 1736 2266 1807 praestans

223 1826 682 1905 singularisque
710 1832 932 1884 natura
974 1824 1136 1886 hunc
1163 1826 1315 1884 mihi
1341 1832 1577 1885 metum
1603 1827 1842 1886 minuit.
1923 1826 2070 1886 Non
2098 1827 2265 1886 enim
2292 1838 2353 1885 15

217 1931 355 1994 „tam
381 1924 592 1999 time0‚
621 1923 771 1999 quid
806 1928 877 1980 tu
905 1923 984 1981 de
1024 1943 1172 2001 rege
1213 1923 1532 1999 Deiotaro,
1562 1943 1744 2000 quam
1784 1921 2087 2001 intelligo,
2116 1923 2266 2001 quid

222 2023 301 2081 de
330 2026 397 2081 te
424 2026 664 2080 ceteros
684 2019 840 2079 velis
866 2019 1160 2098 judicare.
1246 2019 1504 2080 Moveor
1524 2020 1708 2078 etiam
1738 2019 1860 2078 loci
1886 2019 2081 2097 ipsius
2109 2019 2265 2080 inso-

222 2117 436 2194 lentia,
466 2117 632 2196 quod
672 2122 911 2176 tantam
958 2136 1223 2196 causam,
1252 2123 1483 2197 quanta
1528 2116 1697 2176 nulla
1741 2136 2008 2196 unquam
2048 2117 2115 2175 in
2142 2117 2263 2178 dis-

223 2219 578 2295 ceptatione
606 2226 849 2280 versata
890 2228 1007 2297 est,
1036 2221 1172 2280 dico
1199 2222 1361 2279 intra
1389 2221 1761 2280 domesticos
1802 2222 2092 2299 parieteS,
2120 2221 2261 2279 dico

223 2321 399 2374 extra
422 2323 794 2377 conventum
815 2324 881 2376 et
900 2338 1035 2377 eam
1057 2318 1484 2395 frequentiam,
1501 2317 1563 2375 in
1586 2338 1706 2395 qua
1727 2325 2034 2378 oratorum
2059 2318 2262 2377 studia
2289 2326 2353 2373 20

223 2412 346 2470 niti
392 2412 631 2473 solent:
676 2415 741 2471 in
784 2415 910 2472 tuis
951 2413 1167 2490 oculis,
1198 2417 1259 2472 in
1304 2421 1416 2473 tuo
1449 2434 1554 2474 ore
1581 2415 1877 2493 vultuque
1919 2415 2264 2492 acquiescO,

223 2516 289 2570 te
335 2534 526 2572 unum
565 2514 826 2591 intueor,
860 2515 940 2573 ad
985 2521 1051 2574 te
1095 2534 1284 2572 unum
1323 2513 1525 2573 omnis
1568 2534 1704 2574 mea
1746 2520 1986 2590 spectat
2025 2512 2261 2572 oratio:

223 2629 385 2687 quae
414 2609 563 2668 mihi
590 2611 668 2669 ad
697 2631 867 2688 spem
896 2610 1267 2670 obtinendae
1296 2610 1580 2670 veritatis
1608 2610 1966 2688 gravissima
1994 2613 2157 2682 sunt,
2185 2607 2266 2666 ad

222 2713 467 2766 motum
496 2707 688 2765 animi
716 2713 781 2767 et
808 2707 887 2765 ad
916 2727 1161 2766 omnem
1188 2707 1493 2786 impetum
1521 2706 1763 2766 dicendi
1790 2705 2265 2764 contentionem·
2309 2770 2316 2779 .

222 2823 346 2881 que
371 2804 625 2865 leviora.
2288 2808 2350 2854 25

345 2900 526 2960 Hanc
554 2901 721 2961 enim
749 2920 1018 2976 causam,
1041 2898 1107 2961 C.
1135 2899 1381 2977 Caesar,
1410 2901 1463 2959 si
1489 2901 1552 2959 in
1578 2901 1709 2959 foro
1738 2898 2020 2972 dicerem,
2044 2896 2261 2956 eodem

221 2998 520 3057 audiente
550 3004 616 3057 et
636 2998 1023 3075 disceptante
1044 3004 1130 3073 te,
1152 3002 1446 3074 quantam
1467 2997 1613 3055 mihi
1639 2996 2020 3055 alacritatem
2049 2996 2261 3074 populi

221 3093 493 3152 Romani
536 3115 864 3154 concursus
909 3095 1153 3154 afferret
1179 3095 1194 3155 l
1278 3092 1433 3166 Quis
1478 3094 1639 3153 enim
1684 3094 1835 3153 civis
1865 3093 1923 3153 ei
1967 3094 2100 3171 regi
2135 3114 2261 3152 non

219 3192 481 3266 faveret,
511 3191 685 3269 cujus
714 3210 961 3250 omnem
986 3197 1258 3250 aetatem
1285 3190 1349 3247 in
1390 3190 1603 3268 populi
1629 3189 1890 3249 Romani
1916 3189 2096 3249 bellis
2126 3210 2263 3249 con-

221 3286 535 3364 sumptam
584 3307 722 3346 esse
768 3288 1148 3347 meminisset
1168 3289 1199 3347 ⁴?
1303 3286 1657 3365 Spectat-em
1705 3288 1947 3363 curiam,
1990 3289 2261 3346 intuerer
2286 3292 2352 3339 31¹

220 3385 447 3460 forum,
475 3383 708 3443 caelum
752 3384 1018 3461 denique
1053 3390 1312 3442 testarer
1350 3385 1567 3462 ipsum.
1653 3383 1773 3460 Sic,
1802 3405 1987 3462 quum
2030 3390 2095 3443 et
2121 3384 2262 3442 deo·

220 3501 357 3539 rum
385 3479 826 3538 immortalium
854 3487 920 3539 et
961 3480 1176 3558 populi
1211 3480 1473 3540 Romani
1501 3486 1567 3540 et
1594 3487 1844 3540 senatus
1872 3479 2171 3539 beneficia
2197 3480 2260 3534 in

218 3598 439 3655 regem
465 3577 827 3636 Deiotarum
848 3577 1215 3653 recordarer,
1238 3577 1409 3637 nullo
1436 3577 1617 3636 modo
1637 3577 1785 3635 mihi
1806 3578 2022 3635 deesse
2050 3578 2263 3649 posset

219 3675 443 3734 oratio,
529 3672 705 3747 Quae
726 3674 1018 3751 quoniam
1040 3675 1400 3751 angustiora
1426 3674 1695 3751 parietes
1716 3674 1950 3732 faciunt
1975 3668 2262 3744 actioque

218 3771 535 3829 maximae
565 3789 784 3829 causae
811 3770 1174 3830 debilitatur
1200 3769 1357 3846 loco,
1387 3777 1562 3828 tuum
1593 3776 1708 3844 est,
1739 3767 1984 3840 Caesar,
2014 3764 2121 3841 qui
2148 3784 2261 3842 pro
2288 3774 2349 3821 36

219 3866 438 3926 multis
483 3887 666 3944 saepe
695 3866 928 3941 dixisti,
959 3867 1105 3943 quid
1136 3866 1282 3924 mihi
1310 3886 1472 3924 nunc
1512 3865 1698 3923 animi
1729 3864 1827 3937 sit,
1857 3862 1935 3919 ad
1964 3868 2027 3919 te
2062 3862 2263 3937 ipsum
