2725 4299
764 268 839 319 m
883 268 1254 320 cArmNAM
1299 270 1542 320 οΒΑΤΙο
1589 271 1846 321 rrum.
2285 276 2366 336 29

210 437 277 490 te
315 452 353 489 a
380 436 565 490 tanto
593 431 825 492 scelere
853 431 1042 491 etiam
1069 438 1241 492 muta
1268 452 1557 494 revocare
1584 434 1859 495 debuit.'’
1939 434 2263 515 Leguntur

211 528 432 588 eadem
454 529 695 588 ratione
717 528 798 586 ad
818 535 1102 588 senatum
1122 528 1531 607 Allobrogum
1550 528 1965 610 populumque
1990 532 2255 594 litterae.

212 624 282 684 Si
308 626 462 703 quid
489 625 569 685 de
597 625 694 684 his
729 625 913 684 rebus
939 626 1141 685 dicere
1169 626 1379 703 vellet,
1406 626 1526 686 feci
1565 633 1959 705 potestatem.
2045 628 2259 708 Atque

210 720 317 782 ille
346 722 549 800 primo
577 721 822 800 quidem
851 723 1143 799 negavit3
1185 728 1330 801 post
1355 729 1568 782 autem
1594 722 1929 802 aliquanto,
1956 732 2094 786 toto
2131 728 2257 805 jam

210 818 440 878 indicio
490 819 783 896 exposito
826 824 1016 896 atque
1059 819 1250 895 edito,
1293 819 1580 895 surrexit,
1608 822 1917 898 quaesivit
1955 842 1993 881 a
2036 822 2256 901 Gallis,
2284 835 2315 882 δ

212 917 365 994 quid
385 916 515 976 sibi·
532 922 701 976 esset
720 936 857 976 cum
876 916 974 993 iis,
996 935 1176 994 quam
1201 917 1279 975 ob
1307 936 1434 976 rem
1452 917 1700 975 domum
1729 938 1902 978 suam
1922 920 2258 998 venissent,

210 1013 485 1092 itemque
514 1034 554 1072 a
582 1012 918 1074 Volturcio,
1004 1012 1129 1087 Qui
1155 1034 1342 1092 quum
1372 1012 1465 1071 illi
1490 1013 1762 1074 breviter
1787 1022 2258 1095 constanterque

211 1110 701 1188 respondissent,
722 1131 832 1189 per
857 1130 1043 1189 quem
1069 1110 1149 1169 ad
1169 1131 1309 1171 eum
1339 1108 1707 1189 quotiesque
1727 1113 2064 1191 venissent,
2081 1133 2259 1192 quae·

211 1208 568 1286 sissentque
615 1208 695 1267 ab
735 1228 832 1285 eo,
871 1208 1106 1268 nihilne
1153 1228 1361 1268 secum
1410 1214 1577 1269 esset
1622 1210 1702 1270 de
1745 1211 1890 1270 fatis
1938 1210 2255 1293 Sibyllinis

213 1303 474 1382 locutus,
496 1312 632 1364 tum
658 1304 764 1366 ille
792 1306 999 1366 subito
1027 1306 1256 1367 scelere
1283 1307 1568 1383 demens5
1577 1314 1813 1385 quanta
1841 1310 2253 1372 conscientiae
2284 1319 2346 1369 10

212 1402 310 1460 vis
356 1409 524 1462 esset
568 1402 877 1464 ostendit:
920 1423 1063 1462 nam
1108 1424 1300 1482 quum
1340 1404 1407 1462 id
1447 1410 1662 1482 posset
1702 1405 1972 1483 infitiari,
2000 1414 2254 1486 repente

210 1507 464 1580 praeter
510 1501 863 1578 opinionem
905 1502 1174 1560 omnium
1222 1502 1541 1561 confessus
1584 1508 1700 1562 est.
1799 1503 1900 1562 Ita
1943 1523 2081 1563 eum
2128 1526 2254 1565 non

211 1598 398 1658 modo
444 1599 762 1676 ingenium
806 1597 959 1657 illud
1007 1609 1075 1658 et
1128 1599 1374 1659 dicendi
1417 1600 1800 1676 exercitatiO,
1849 1620 1972 1678 qua
2014 1621 2257 1681 semper

212 1695 436 1771 valuit,
466 1694 579 1755 sed
619 1696 808 1755 etiam
845 1701 1099 1773 propter
1130 1697 1256 1755 vim
1298 1696 1613 1756 manifesti
1655 1704 1843 1775 atque
1887 1698 2254 1775 deprehensi

213 1792 464 1853 sceleris
505 1792 909 1870 impudentia,
952 1811 1075 1870 qua
1119 1794 1452 1871 superabat
1496 1812 1728 1868 omneS,
1772 1794 2252 1873 improbitasque
2282 1803 2343 1852 15

213 1890 458 1951 defecit.

335 1985 698 2045 Volturcius
741 2006 887 2046 vero
931 1986 1142 2046 subito
1192 1985 1436 2046 litteras
1482 1986 1743 2064 proferri
1797 1992 1986 2064 atque
2031 1989 2255 2065 aperiri

212 2083 413 2163 jubet,
441 2102 596 2162 quas
624 2083 741 2142 sibi
767 2104 805 2141 a
832 2082 1102 2142 Lentulo
1128 2084 1209 2142 ad
1237 2083 1572 2142 Catilinam
1600 2084 1780 2142 datas
1821 2104 1959 2145 esse
1986 2084 2248 2147 dicebat.

214 2180 432 2259 Atque
470 2180 559 2240 ibi
585 2179 1125 2241 vehementissime
1163 2181 1560 2259 perturbatus
1601 2181 1899 2242 Lentulus
1939 2190 2146 2243 tamen
2186 2201 2254 2245 et

213 2279 464 2356 signum
519 2282 586 2335 et
638 2297 886 2336 manum
940 2297 1113 2336 suam
1166 2279 1511 2356 cognovit„
1589 2278 1786 2338 Erant
1852 2286 2063 2340 autem
2116 2279 2250 2343 sine
2277 2291 2343 2338 20

212 2375 483 2451 nomine,
512 2374 624 2434 sed
649 2374 769 2435 ita:
814 2375 852 2410 “
870 2372 1026 2447 Quis
1054 2375 1192 2451 sim,
1220 2376 1379 2436 scies
1407 2396 1487 2435 ex
1511 2376 1649 2453 hoo,
1677 2395 1863 2455 quem
1889 2378 1970 2437 ad
1996 2385 2064 2438 te
2090 2380 2249 2441 misi.

214 2472 377 2533 Cura
422 2479 496 2531 ut
523 2472 619 2533 vir
659 2472 747 2532 sis
795 2479 862 2532 et
905 2472 1113 2552 cogita
1140 2493 1326 2551 quem
1371 2473 1437 2532 in
1478 2473 1683 2533 locum
1717 2475 1803 2534 sis
1851 2495 2249 2555 progressus:
2305 2509 2312 2518 ,

213 2571 376 2647 vide,
404 2569 555 2648 quid
592 2570 721 2649 jam
746 2570 861 2630 tibi
891 2570 975 2629 sit
1015 2589 1287 2647 necesse,
1315 2576 1383 2630 et
1424 2591 1567 2630 cura
1594 2576 1669 2629 ut
1693 2571 1967 2631 omnium
2007 2573 2124 2632 tibi
2153 2593 2254 2632 au-

211 2667 363 2725 xilia
402 2667 728 2746 adjungaS,
756 2668 944 2727 etiam
982 2667 1387 2728 infimorum„
1471 2667 1773 2728 Gabinius
1804 2668 2028 2727 deinde
2066 2670 2252 2727 intro-

212 2765 456 2840 ductus,
483 2784 674 2842 quum
715 2765 914 2842 primo
956 2763 1347 2843 impudenter
1388 2765 1762 2843 respondere
1806 2766 2135 2842 coepisset,
2172 2765 2252 2825 ad
2277 2774 2341 2824 25

212 2868 558 2922 extremum
607 2861 759 2920 nihil
806 2883 886 2946 ex
928 2863 1026 2939 iis,
1055 2883 1211 2941 quae
1261 2862 1429 2923 Galli
1476 2862 1936 2939 insimulabant,
1977 2864 2247 2943 negavit.

211 2958 312 3019 Ac
351 2959 507 3018 mihi
547 2960 812 3038 quidem,
842 2958 1137 3038 QuiriteS,
1166 2982 1354 3040 quum
1395 2961 1503 3020 illa
1544 2961 1889 3022 certissima
1928 2962 2063 3022 visa
2105 2969 2250 3023 sunt

211 3063 577 3136 argumenta
622 3064 809 3137 atque
856 3059 1080 3118 indicia
1126 3059 1394 3136 sceleriS,
1442 3059 1732 3136 tabellae,
1771 3059 1972 3137 signa,
2013 3080 2250 3137 manus,

211 3155 482 3234 denique
532 3156 710 3215 unius
747 3156 1041 3235 cujusque
1069 3158 1393 3234 confessio,
1424 3163 1556 3216 tum
1583 3157 1781 3218 multo
1824 3158 2083 3218 certiora
2121 3158 2249 3234 illa,

211 3249 397 3329 color,
439 3253 619 3330 oculi,
659 3252 885 3329 vultus,
927 3255 1331 3315 taciturnitas,
1418 3254 1521 3314 Sic
1569 3255 1732 3314 enim
1779 3255 2247 3333 obstupuerant,
2274 3262 2340 3310 30

211 3352 303 3410 sic
347 3358 578 3411 terram
619 3352 1038 3428 intuebantur,
1086 3354 1175 3413 sic
1222 3352 1437 3412 furtim
1483 3371 1923 3430 nonnunquam
1970 3353 2135 3412 inter
2181 3371 2249 3411 se

209 3448 613 3526 aspiciebant,
640 3455 714 3508 ut
759 3469 884 3508 non
921 3449 1050 3529 jam
1091 3449 1171 3509 ab
1219 3449 1358 3530 aliis
1402 3449 1676 3525 indicari,
1706 3450 1819 3510 sed
1858 3449 2132 3509 indicare
2180 3467 2248 3507 se

210 3544 333 3622 ipsi
359 3545 736 3607 viderentur.

333 3640 443 3703 VI.
495 3642 750 3704 Indiciis
792 3644 1096 3723 expositis
1139 3650 1327 3723 atque
1372 3644 1581 3721 editis,
1626 3642 1921 3718 Quirites,
1964 3644 2250 3699 senatum

211 3738 513 3816 consului,
540 3739 620 3799 de
660 3760 897 3800 summa
921 3762 989 3801 re
1015 3741 1264 3819 publica
1303 3741 1453 3819 quid
1482 3740 1614 3801 fieri
1656 3740 1944 3817 placeret.
2028 3735 2247 3798 Dictae
2273 3742 2339 3792 815
2379 3742 2386 3747 '

213 3842 360 3895 sunt
412 3858 450 3895 a
503 3836 881 3915 principibus
935 3839 1265 3897 acerrimae
1319 3857 1394 3896 ac
1447 3836 1825 3896 fortissimae
1880 3835 2248 3911 sententiae,
