2725 4299
374 280 451 339 80
860 275 948 326 nn
992 275 1270 327 nummo
1315 273 1416 326 on.
1453 273 1727 325 pompm
1773 274 2029 325 omino,

475 458 598 517 quo
643 438 784 496 novi
817 437 1110 496 constitui
1151 437 1306 495 nihil
1334 437 1471 497 vult
1511 435 1584 510 Q.
1619 437 1895 513 Catulus,
1924 455 2108 514 quam
2153 436 2360 495 multa
2401 436 2523 496 sint

475 554 633 594 nova
662 554 897 593 summa
923 531 997 606 Q.
1030 533 1237 592 Catuli
1264 533 1583 593 voluntate
1613 535 1952 593 constituta
1978 534 2404 593 recordamini.

596 631 773 691 XXI.
820 629 986 703 Quid
1024 637 1152 689 tam
1182 649 1409 690 novum
1438 649 1620 707 quam
1648 630 2174 690 adolescentulum
2212 631 2527 708 privatum

477 729 812 788 exercitum
837 725 1060 785 difficili
1082 727 1171 785 rei
1191 726 1475 804 publicae
1496 732 1774 804 tempore
1792 726 2086 785 conficere
2108 728 2138 787 1³
2223 725 2525 786 Confecit.

421 839 451 884 5
479 824 644 883 Huic
673 842 957 901 praeesse
977 823 1008 882 ⁴?
1090 821 1381 882 Praefuit.
1465 822 1624 882 Rem
1647 823 1883 899 optime
1904 823 2090 881 ductu
2114 843 2229 881 suo
2257 813 2531 900 gerere?

478 919 707 981 Gessit.
811 917 976 992 Quid
1024 925 1154 977 tam
1201 924 1449 996 praeter
1497 918 2002 978 consuetudinem
2051 938 2239 995 quam
2293 918 2531 977 homini

476 1017 982 1096 peradolescenti,
1010 1016 1186 1095 cujus
1213 1021 1387 1075 aetas
1416 1036 1453 1073 a
1481 1015 1789 1075 senatorio
1815 1015 2011 1093 gradu
2037 1014 2226 1093 longe
2255 1015 2534 1092 abesset,

478 1115 797 1192 imperium
853 1119 1040 1190 atque
1095 1112 1434 1171 exercitum
1483 1111 1633 1187 dari,
1683 1110 1954 1170 Siciliam
1999 1112 2278 1189 permitti
2336 1118 2534 1190 atque

478 1210 756 1270 Africam
784 1209 1131 1286 bellumque
1157 1209 1223 1265 in
1245 1228 1319 1267 ea
1344 1208 1666 1285 provincia
1684 1207 2240 1266 administrandum
2262 1210 2292 1269 ἲ)
2381 1207 2538 1267 Fuit

392 1322 453 1367 10
477 1306 541 1364 in
589 1307 684 1365 his
736 1305 1066 1383 prouinciis
1113 1303 1410 1383 singulari
1459 1305 1826 1381 innocentia,
1875 1306 2204 1383 gravitate,
2247 1306 2533 1382 virtute3

478 1402 703 1462 bellum
751 1404 816 1459 in
864 1401 1076 1459 Africa
1125 1402 1456 1459 maximum
1502 1402 1785 1477 confecit,
1833 1402 2128 1461 victorem
2183 1404 2535 1461 exercitum

478 1498 846 1577 deportavit.
930 1495 1096 1570 Quid
1124 1516 1271 1557 vero
1312 1505 1444 1555 tam
1487 1498 1832 1556 inauditum
1858 1518 2042 1576 quam
2085 1499 2365 1575 equitem
2408 1498 2536 1557 Ro-

478 1616 722 1653 manum
764 1593 1139 1672 triumphare
1160 1595 1190 1654 ἲ)
1271 1594 1365 1651 At
1406 1614 1542 1653 eam
1570 1614 1816 1672 quoque
1843 1613 1970 1653 rem
2006 1594 2272 1672 populus
2300 1595 2535 1654 Roma·

477 1713 593 1751 nus
621 1712 741 1751 non
770 1691 954 1749 modo
980 1690 1156 1766 vidit,
1186 1690 1298 1749 sed
1338 1691 1611 1748 omnium
1639 1691 1829 1750 etiam
1867 1691 2078 1750 studio
2104 1692 2431 1750 visendam
2462 1699 2535 1751 et

392 1805 453 1854 15
479 1788 1018 1850 concelebrandam
1039 1787 1297 1865 putavit.
1386 1783 1552 1859 Quid
1576 1793 1703 1845 tam
1722 1788 2087 1845 inusitatum
2110 1807 2311 1865 quam,
2335 1809 2531 1866 quum

478 1888 602 1946 duo
644 1885 922 1946 consules
966 1882 1284 1943 clarissimi
1328 1883 1770 1961 fortissimique
1814 1890 2039 1956 essent,
2069 1889 2141 1942 ut
2168 1904 2361 1962 eques
2404 1885 2532 1945 Ro-

479 2008 693 2046 manus
719 1988 800 2045 ad
839 1985 1066 2045 bellum
1097 1986 1427 2043 maximum
1454 1983 2208 2068 formidolosissimumque
2243 2002 2361 2059 pro
2388 2003 2533 2042 con·

478 2083 612 2142 sule
638 2084 984 2141 mitteretur
1004 2084 1034 2140 Ῥ
1113 2081 1341 2140 Missus
1370 2087 1483 2140 est.
1569 2078 1709 2154 Quo
1737 2081 1985 2159 quidem
2024 2090 2303 2163 tempore
2330 2106 2532 2164 quum

479 2192 646 2244 esset
685 2205 809 2244 non
854 2204 1035 2244 nemo
1079 2184 1143 2241 in
1188 2196 1412 2244 senatu
1453 2184 1563 2263 qui
1604 2185 1857 2260 diceret,
1885 2201 2017 2242 non
2046 2182 2322 2259 oportere
2349 2185 2533 2242 mini
2629 2227 2634 2231 -

390 2290 454 2338 20
479 2280 797 2340 hominem
824 2281 1158 2357 privatum
1183 2299 1310 2357 pro
1347 2282 1611 2357 consule,
1640 2280 1708 2340 L.
1744 2279 2065 2358 Philippus
2107 2280 2337 2339 dixisse
2380 2280 2532 2339 dici-

476 2384 597 2453 tur,
625 2395 759 2436 non
796 2395 858 2436 se
901 2377 1082 2436 illum
1121 2396 1241 2436 sua
1279 2379 1585 2438 sententia
1615 2396 1741 2454 pro
1784 2377 2047 2452 consule,
2075 2377 2187 2436 sed
2208 2395 2338 2454 pro
2381 2397 2531 2438 con-

476 2474 711 2534 szdibus
751 2475 1001 2535 mittere.
1086 2475 1287 2535 Tanta
1330 2476 1395 2533 in
1440 2495 1516 2536 eo
1543 2476 1632 2534 rei
1676 2474 1958 2550 publicae
2002 2475 2160 2534 bene
2208 2477 2529 2554 gerendae

477 2591 622 2650 spes
650 2572 1154 2647 constituebatur,
1181 2578 1255 2630 ut
1281 2572 1538 2630 duorum
1567 2571 1882 2630 consulum
1919 2591 2139 2630 munus
2166 2572 2350 2631 unius
2380 2574 2532 2633 ado·

476 2670 762 2740 lescentis
789 2669 1002 2729 virtuti
1030 2669 1530 2728 committeretur.
1616 2665 1780 2739 Quid
1816 2674 1945 2726 tam
1975 2667 2306 2746 singulare,
2334 2689 2530 2746 quam

389 2774 452 2821 25
479 2774 552 2826 ut
578 2789 655 2826 ex
698 2772 949 2826 senatus
985 2765 1262 2824 consulto
1305 2764 1551 2842 legibus
1597 2762 1833 2822 solutus
1877 2763 2088 2822 consul
2133 2770 2282 2824 ante
2327 2765 2527 2843 fieret,

478 2883 661 2941 quam
687 2862 874 2920 ullum
906 2862 1094 2920 alium
1134 2862 1569 2938 magistratum
1613 2880 1722 2937 per
1747 2860 1920 2938 leges
1948 2880 2164 2937 capere
2193 2860 2476 2923 licuisset
2494 2865 2528 2924 ‘t‘

478 2958 628 3035 quid
669 2963 798 3015 tam
835 2956 1206 3031 incredibile,
1251 2977 1431 3034 quam
1477 2963 1550 3015 ut
1591 2957 1813 3016 iterum
1857 2977 2047 3034 eques
2087 2957 2404 3018 Romanus
2441 2980 2527 3019 ex

479 3060 729 3113 senatus
772 3052 1051 3111 consulto
1092 3053 1495 3128 triumpharet
1515 3055 1545 3114 1³
1625 3051 1801 3126 Quae
1843 3053 1909 3111 in
1943 3054 2224 3115 omnibus
2265 3055 2525 3114 homini-

477 3151 593 3210 bus
619 3170 779 3208 nova
819 3156 964 3226 post
1001 3150 1313 3209 hominum
1345 3152 1695 3210 memoriam
1726 3151 2062 3210 constituta
2090 3158 2255 3229 sunt,
2285 3173 2362 3213 ea
2388 3161 2523 3212 tam
2599 3142 2602 3145 ¹

390 3258 454 3304 30
477 3246 671 3305 multa
698 3266 818 3303 non
865 3253 1010 3305 sunt
1037 3267 1217 3325 quam
1248 3245 1419 3322 haec,
1450 3267 1607 3325 quae
1650 3247 1715 3304 in
1760 3245 1876 3306 hoc
1914 3269 2038 3306 uno
2077 3248 2328 3309 homine
2355 3251 2522 3312 vide-

477 3363 630 3403 mus,
714 3340 927 3419 Atque
955 3342 1103 3402 haec
1129 3348 1229 3401 tot
1257 3343 1560 3420 exempla,
1581 3349 1760 3401 tanta
1788 3364 1860 3402 ac
1886 3350 2012 3402 tam
2042 3365 2220 3421 nova,
2242 3347 2518 3423 profecta

478 3447 624 3502 sunt
666 3440 729 3497 in
771 3440 1033 3499 eundem
1073 3438 1385 3498 hominem
1431 3459 1467 3498 a
1503 3438 1577 3511 Q.
1612 3438 1817 3499 Catuli
1859 3446 2047 3518 atque
2092 3461 2129 3499 a
2174 3449 2519 3502 ceterorum

478 3539 753 3618 ejusdem
783 3537 1109 3613 dignitatis
1137 3534 1655 3612 amplissimorum
1682 3534 1997 3595 hominum
2025 3520 2412 3599 auctoritate.

598 3632 805 3691 XXII.
852 3630 1058 3704 Quare
1085 3632 1354 3706 videant,
1383 3652 1463 3691 ne
1507 3633 1591 3689 sit
1631 3632 2019 3710 periniquum
2057 3641 2123 3693 et
2160 3654 2285 3693 non
2325 3636 2519 3696 feren·

390 3741 452 3786 35
480 3731 641 3804 dum,
669 3728 904 3786 illorum
935 3728 1358 3786 auctoritatem
1389 3729 1467 3786 de
1498 3727 1606 3786 Cn.
1631 3728 1910 3806 Pompeii
1940 3731 2244 3807 dignitate
2274 3753 2311 3790 a
2339 3734 2517 3793 vobis

301 3810 309 3819 ’
479 3825 931 3898 comprobatam
961 3842 1200 3899 semper
1227 3841 1384 3898 esse,
1413 3829 1684 3885 vestrum
1714 3824 1791 3882 ab
1817 3823 1941 3882 illis
1968 3826 2046 3884 de
2074 3828 2291 3886 eodem
2331 3830 2513 3890 homi·
