2725 4299
782 294 909 345 PRO
953 292 1127 344 REGE
1171 294 1505 347 DEIOTARO
1550 296 1807 348 ORATIO.
2250 299 2366 359 111

220 455 340 515 dita
367 459 466 515 est
487 456 520 515 ?
603 453 791 529 Quod
830 458 1025 536 igitur
1049 458 1286 517 facinus
1328 479 1444 518 nec
1477 457 1543 516 in
1569 458 1877 519 hominem
1918 459 2263 536 impruden-

217 557 335 610 tem
363 553 622 612 caderet
661 560 914 632 propter
939 560 1175 614 metum
1200 556 1546 633 praesentis
1574 556 1767 632 exitii,
1795 575 1909 615 nec
1946 556 2012 613 in
2039 556 2261 614 facino-

215 670 429 726 rosum,
458 650 587 709 nisi
617 656 787 711 esset
814 652 978 711 idem
1002 653 1481 728 amentissimus,
1504 652 1568 711 id
1589 671 1701 713 vos
1723 659 1788 711 et
1809 673 1847 711 a
1867 653 1999 712 viro
2020 653 2258 730 optimo

215 751 272 803 et
308 745 386 804 ab
433 745 695 807 homine
740 748 991 808 minime
1035 747 1229 808 stulto
1277 749 1617 827 cogitatum
1668 768 1806 808 esse
1856 749 2206 828 confingitis
2228 750 2258 809 ’Β

213 839 297 899 At
320 861 507 919 quam
535 863 671 902 non
710 844 893 903 modo
920 864 1045 903 non
1074 843 1473 921 credibiliter,
1502 845 1614 904 sed
1655 864 1735 904 ne
1763 846 2100 924 suspiciose
2127 847 2258 923 qui-
2284 862 2312 906 5

213 939 381 1000 dem!
468 941 506 972 “
531 938 808 1016 Quum,'’
835 941 1056 1018 inquit,
1085 942 1123 972 “
1145 942 1210 999 in
1252 940 1575 1001 castellum
1615 939 1836 1000 Peium
1876 943 2150 1003 venisses
2193 949 2258 1002 et

213 1035 446 1095 domum
473 1038 676 1116 regis,
705 1037 968 1116 hospitis
995 1038 1110 1113 tui,
1132 1037 1524 1113 devertisseS,
1546 1035 1717 1097 locus
1744 1043 1877 1097 erat
1904 1039 2175 1116 quidam,
2194 1039 2258 1097 in

209 1150 321 1208 quo
348 1138 530 1192 erant
576 1153 658 1194 ea
697 1134 1056 1212 composita,
1085 1134 1307 1212 quibus
1352 1140 1419 1193 te
1463 1153 1574 1193 rex
1613 1154 1929 1195 munerare
1970 1136 2259 1195 constitu-

211 1233 349 1289 erat.
450 1228 606 1290 Huc
663 1236 733 1291 te
788 1251 824 1290 e
878 1230 1121 1306 balneo,
1169 1230 1526 1308 priusquam
1581 1231 1989 1307 accumbereS‚
2038 1232 2256 1293 ducere

209 1322 483 1402 volebat3
530 1333 720 1385 erant
759 1327 918 1387 enim
949 1328 1187 1403 armati,
1217 1328 1323 1405 qui
1349 1334 1418 1387 te
1460 1328 1891 1404 interficerent,
1920 1329 1984 1386 in
2014 1349 2089 1389 eo
2115 1330 2255 1408 ipso
2284 1344 2345 1390 10

210 1419 334 1480 loco
361 1422 720 1484 collocati.”
801 1422 903 1482 En
930 1424 1179 1500 crimen,
1208 1444 1287 1483 en
1329 1444 1533 1500 causa,
1563 1445 1667 1484 cur
1691 1444 1901 1504 regem
1930 1426 2252 1504 fugitivus,

211 1518 521 1577 dominum
552 1541 775 1581 servus
809 1522 1088 1582 accuset!
1173 1520 1314 1599 Ego
1354 1521 1752 1598 mehercule8‚
1784 1522 2028 1600 Caesar,
2055 1524 2253 1598 initio,

214 1633 387 1691 quum
428 1623 533 1676 est
577 1618 663 1677 ad
707 1637 808 1677 me
851 1618 973 1676 ista
1016 1637 1199 1677 causa
1239 1617 1469 1695 delata,
1510 1617 1886 1697 Phidippum
1928 1619 2254 1695 medicum,

213 1729 442 1772 servum
498 1715 772 1793 regium,
827 1715 935 1791 qui
990 1735 1128 1774 cum
1183 1713 1414 1793 legatis
1483 1717 1705 1775 missus
1760 1722 1945 1791 esset,
1999 1715 2079 1774 ab
2134 1716 2254 1774 isto

215 1806 602 1871 adolescente
635 1830 773 1870 esse
802 1816 1171 1889 corruptum,
1198 1811 1315 1870 hac
1344 1831 1480 1870 sum
1506 1811 1853 1889 suspicione
1892 1831 2252 1889 percussus:
2285 1828 2343 1872 15

217 1903 570 1966 “Medicum
605 1908 876 1968 indicem
897 1908 1253 1968 subornavit
1275 1929 1292 1984 3
1335 1907 1533 1986 finget
1552 1907 1847 1968 videlicet
1874 1906 2123 1984 aliquod
2150 1908 2257 1966 cri-

217 2019 347 2061 men
369 2004 665 2075 veneni.”
748 2005 889 2064 Etsi
917 2026 955 2064 a
983 2006 1244 2066 veritate
1276 2005 1485 2083 longe,
1513 2010 1724 2064 tamen
1752 2024 1790 2062 a
1817 2005 2256 2065 consuetudine

220 2099 568 2163 criminandi
602 2122 727 2163 non
754 2102 1018 2162 multum
1046 2122 1146 2162 res
1173 2101 1557 2163 abhorrebat.

328 2197 494 2272 Quid
520 2202 621 2260 ait
642 2200 912 2260 medicus
933 2201 963 2260 ‘i’
1043 2198 1219 2258 Nihil
1239 2199 1317 2258 de
1339 2219 1593 2259 veneno.
1679 2197 1771 2258 At
1799 2200 1864 2258 id
1891 2200 2022 2260 fieri
2046 2202 2257 2278 potuit

223 2293 470 2369 primum
497 2297 807 2358 occultius
850 2297 916 2354 in
960 2297 1232 2374 potione,
1260 2296 1325 2354 in
1358 2296 1531 2373 cibo;
1574 2297 1798 2357 deinde
1841 2298 2026 2357 etiam
2064 2299 2256 2375 impu·
2281 2312 2344 2358 20

224 2389 349 2449 nius
376 2393 462 2470 fit,
491 2394 666 2473 quod
694 2413 882 2472 quum
910 2398 1009 2452 est
1035 2393 1287 2468 factum,
1315 2392 1529 2470 negari
1555 2399 1781 2470 potest.
1868 2393 1935 2453 Si
1960 2393 2162 2471 palam
2189 2400 2254 2453 te

225 2484 649 2567 interemisset,
689 2492 959 2550 omnium
1004 2491 1067 2547 in
1112 2509 1179 2548 se
1221 2490 1499 2567 gentium
1542 2509 1669 2548 non
1713 2488 1910 2548 solum
1953 2490 2115 2565 odia,
2144 2491 2254 2549 sed

227 2583 398 2644 etiam
424 2608 602 2647 arma
628 2588 1076 2663 convertisset3
1121 2587 1172 2645 si
1199 2605 1459 2660 veneno,
1488 2585 1530 2643 J
1530 2585 1661 2645 ovis
1699 2584 1806 2644 ille
1833 2585 2082 2662 quidem
2119 2583 2255 2643 hos-

227 2679 418 2754 pitalis
444 2705 679 2744 numen
721 2704 1031 2761 nunquam
1074 2683 1271 2743 celare
1314 2682 1643 2760 potuisset,
1671 2679 1950 2739 homines
1994 2680 2254 2741 fortasse

230 2775 489 2842 celasset.
579 2780 760 2854 Quod
788 2781 984 2859 igitur
1011 2786 1077 2838 et
1104 2780 1307 2839 conari
1329 2777 1628 2837 occultius
1656 2782 1723 2835 et
1749 2776 1984 2835 efficere
2013 2777 2253 2837 cautius
2280 2796 2341 2842 25

230 2876 435 2952 potuit,
462 2879 530 2937 id
558 2878 691 2953 tibi,
721 2884 787 2936 et
826 2878 1064 2937 medico
1093 2876 1310 2935 callido
1339 2882 1406 2934 et
1434 2893 1630 2948 serm,
1657 2878 1729 2930 ut
1754 2872 2037 2950 putabat,
2066 2873 2252 2951 fideli,

229 2985 342 3027 non
367 2975 628 3034 credidit
647 2995 663 3050 3
705 2975 783 3032 de
804 2974 1008 3048 armis,
1030 2973 1108 3032 de
1130 2973 1307 3047 ferm,
1330 2972 1409 3030 de
1438 2970 1673 3028 insidiis
1693 2969 1890 3030 celare
1911 2976 1978 3030 te
2005 2971 2205 3031 noluit
2224 2974 2254 3033 Ῥ

233 3062 315 3123 At
354 3089 535 3146 quam
582 3071 805 3131 festive
851 3070 1079 3129 crimen
1129 3069 1483 3128 contexitur
1507 3068 1522 3128 l
1623 3068 1659 3097 “
1680 3066 1812 3126 Tua
1859 3066 1986 3143 te,”
2033 3069 2251 3147 inquit,

233 3159 266 3189 “
286 3165 493 3226 eadem
533 3188 690 3245 quae
734 3187 975 3244 semper
1017 3167 1264 3224 fortuna
1309 3165 1615 3226 servavit:
1659 3165 1972 3243 negavisti
2015 3172 2144 3225 tum
2186 3173 2251 3226 te

235 3254 515 3337 inspicere
542 3262 760 3324 velle.”
2278 3279 2340 3323 30

343 3356 482 3420 VII.
530 3358 693 3433 Quid
733 3374 953 3438 postea
974 3360 1004 3419 Ῥ
1078 3356 1189 3416 ’An
1229 3357 1563 3418 Deiotarus
1592 3379 1658 3419 re
1687 3358 1793 3418 illo
1822 3365 2101 3438 tempore
2129 3379 2249 3417 non

240 3453 489 3524 perfecta
537 3457 828 3516 continuo
873 3455 1114 3514 dimisit
1156 3456 1495 3516 exercitum
1518 3457 1549 3516 P
1645 3455 1870 3515 Nullus
1918 3461 2051 3514 erat
2096 3453 2250 3511 alius

238 3544 547 3611 insidiandi
589 3553 758 3612 locus
779 3555 808 3612 Ῥ
889 3549 983 3610 At
1027 3552 1245 3612 eodem
1286 3559 1372 3628 te,
1402 3573 1587 3631 quum
1630 3553 1998 3626 cenavisseS,
2030 3548 2253 3608 reditu-

241 3660 359 3703 rum
384 3650 640 3724 dixeraS‚
667 3651 880 3727 itaque
907 3649 1129 3708 fecisti.
1214 3649 1446 3708 Horam
1489 3669 1670 3706 unam
1702 3654 1810 3707 aut
1837 3648 1991 3704 duas
2032 3643 2250 3703 eodem

242 3735 360 3800 loco
394 3752 675 3821 armatOS,
704 3753 775 3804 ut
820 3745 1105 3806 collocati
1149 3746 1413 3820 fuerant,
1441 3745 1704 3803 retinere
1749 3760 2040 3817 magnum
2084 3740 2203 3799 fuit
2224 3744 2252 3801 Ῥ
2279 3758 2337 3801 3ῑ)

248 3831 425 3906 Quum
450 3844 514 3901 in
543 3843 827 3902 convivio
857 3842 1113 3901 comiter
1141 3848 1206 3900 ct
1233 3842 1497 3920 jucunde
1527 3841 1770 3911 fuisseS,
1800 3843 1931 3895 tum
1960 3835 2102 3895 illuc
2131 3839 2251 3914 isti,
