2725 4299
361 273 440 333 36
898 271 970 318 m
1017 270 1388 319 mmmmm
1434 271 1678 320 ORA'mo
1727 272 1983 322 marm„

467 452 710 513 semper
735 435 1124 498 lacessamus,
1211 431 1397 507 Quod
1424 433 1479 493 si
1506 433 1708 493 omnis
1737 434 2008 512 impetus
2036 434 2524 498 domesticorum

465 528 753 610 hostium,
775 532 1070 612 depulsus
1098 551 1136 590 a
1163 530 1359 606 vobis,
1384 549 1450 590 se
1479 529 1546 589 in
1572 550 1671 591 me
1693 551 1886 589 unum
1913 533 2312 610 converterit,
2334 536 2524 596 vobis

465 627 588 686 erit
612 628 966 705 videndum,
988 626 1283 703 Quirites,
1305 618 1444 704 qua'
1443 626 1807 687 condicione
1826 627 2091 705 posthac
2119 648 2228 688 eos
2257 650 2397 690 esse
2418 653 2525 692 ve-

466 721 615 801 litis,
642 725 751 803 qui
801 745 868 786 se
894 744 1010 804 pro
1055 724 1255 784 salute
1284 729 1492 783 vestra
1518 722 1859 783 obtulerint
1902 722 2174 785 invidiae
2200 727 2525 804 periculis-

412 832 441 878 5
467 840 587 898 que
615 821 931 883 omnibus:
974 820 1126 879 mihi
1144 819 1393 898 quidem
1420 819 1541 898 ipsi
1565 819 1721 898 quid
1745 826 1862 896 est,
1890 821 2058 899 quod
2081 821 2212 901 jam
2238 824 2319 882 ad
2344 824 2524 884 vitae

464 917 728 977 fructum
767 918 971 999 possit
1010 916 1264 995 acquiri,
1293 935 1484 994 quum
1526 916 1896 994 praesertim
1939 937 2142 996 neque
2170 920 2237 977 in
2282 919 2521 981 honore

465 1021 672 1076 vestro
712 1037 913 1095 neque
958 1015 1025 1074 in
1073 1013 1272 1093 gloria
1319 1012 1572 1073 virtutis
1620 1012 1959 1091 quidquam
2002 1014 2248 1075 videam
2302 1016 2519 1094 altiuS,

465 1131 590 1190 quo
615 1114 768 1172 mihi
794 1113 988 1174 libeat
1022 1111 1352 1171 ascendere
1369 1111 1401 1171 ⁶?
1481 1109 1647 1168 Illud
1691 1111 1969 1188 profecto
2008 1111 2337 1189 perficiam,
2366 1110 2522 1186 Qui-

464 1210 636 1286 rives,
664 1216 737 1270 ut
779 1231 874 1287 ea,
901 1229 1060 1288 quae
1103 1209 1271 1287 gessi
1298 1208 1365 1266 in
1409 1206 1756 1284 consulatu,
1784 1207 2065 1285 privatus
2100 1214 2279 1269 tuear
2320 1215 2520 1288 atque

380 1318 443 1365 10
467 1324 695 1383 ornem,
724 1313 814 1383 ut,
845 1307 898 1365 si
944 1326 1068 1385 qua
1103 1312 1203 1365 est
1245 1304 1481 1366 invidia
1525 1305 1944 1365 conservanda
1984 1325 2052 1385 re
2088 1304 2337 1384 publica
2386 1325 2522 1365 sus-

467 1410 664 1480 cepta,
692 1403 898 1463 laedat
925 1402 1189 1479 invidos,
1216 1401 1370 1460 mihi
1397 1401 1604 1462 valeat
1630 1403 1711 1461 ad
1742 1401 2021 1480 gloriam.
2107 1402 2395 1481 Denique
2422 1403 2522 1460 ita

465 1518 565 1559 me
620 1500 687 1558 in
733 1521 800 1560 re
847 1499 1097 1579 publica
1151 1499 1452 1575 tractab0‚
1503 1505 1576 1558 ut
1624 1499 2003 1559 meminerim
2058 1518 2304 1576 semper
2351 1519 2521 1578 quae

466 1596 782 1675 gesserim,
824 1617 1151 1675 curemque
1207 1603 1280 1655 ut
1334 1616 1409 1657 ea
1466 1596 1717 1673 virtute,
1760 1617 1886 1656 non
1941 1615 2085 1655 casu
2131 1602 2316 1675 gesta
2371 1616 2520 1658 esse

464 1692 807 1754 videantur.
1879 1716 1882 1717 ⁷
2573 1695 2578 1699 ’

381 1804 441 1851 15
585 1789 742 1867 Vos,
783 1788 1072 1868 Quirites,
1114 1790 1399 1869 quoniam
1446 1790 1573 1870 jam
1623 1809 1751 1849 nox
1800 1794 1919 1865 est,
1962 1789 2243 1849 venerati
2285 1788 2516 1851 Jovem

465 1885 660 1962 illum,
703 1888 1023 1947 custodem
1071 1887 1258 1967 hujus
1302 1887 1473 1945 urbis
1518 1905 1591 1945 ac
1636 1892 1936 1961 vestrum,
1977 1885 2046 1944 in
2085 1891 2296 1945 vestra
2339 1892 2518 1946 tecta.

464 1983 766 2043 discedite
808 1992 874 2044 et
918 2006 1011 2060 ea,
1039 2004 1412 2063 quamquam
1452 1983 1580 2062 jam
1622 1989 1722 2042 est
1764 1980 2109 2061 periculum
2151 1982 2507 2061 depulsum,

461 2086 672 2138 tamen
699 2099 893 2158 aeque
922 2100 993 2145 ac
1018 2081 1219 2158 priore
1246 2086 1429 2139 nocte
1459 2079 1762 2139 custodiis
1789 2078 2143 2158 vigiliisque
2170 2078 2509 2142 defendite.

463 2175 540 2234 Id
586 2196 666 2236 ne
700 2177 879 2236 vobis
926 2177 1158 2253 diutius
1206 2176 1559 2237 faciendum
1607 2176 1694 2237 sit
1739 2181 1928 2256 atque
1976 2183 2051 2236 ut
2091 2177 2159 2236 in
2199 2184 2530 2256 perpetua-

375 2288 441 2335 20
463 2292 614 2353 pace
644 2292 781 2333 esse
807 2273 1085 2351 possitis,
1111 2273 1466 2352 providebo.
