2725 4299
671 252 759 299 DE
805 215 1093 300 mramo'
1129 250 1229 300 cn.
1266 250 1540 300 Ponrsn
1587 251 1846 300 onA'mo.
2261 252 2337 312 ¹73

173 432 290 471 nus
348 413 517 471 tanti
566 414 896 489 exercitus,
946 414 1057 474 sed
1111 433 1192 473 ne
1249 411 1590 491 vestigium
1644 412 1892 489 quidem
1949 412 2231 490 cuiquam

172 515 399 587 pacato
425 510 714 569 nocuisse
738 510 993 569 dicatur.
1080 509 1223 568 Jam
1243 529 1392 570 vero
1421 528 1605 586 quem
1626 509 1705 567 ad
1731 509 1979 567 modum
2001 508 2231 568 milltes

177 607 528 682 hibernent,
558 604 839 684 quotidie
868 625 1181 666 sermones
1211 625 1284 665 ac
1310 605 1557 665 litterae
1594 605 1999 682 perferuntur.
2084 604 2229 663 Non

178 704 359 762 modo
389 709 464 761 ut
492 708 804 780 sumptum
835 702 1021 761 faciat
1048 703 1114 759 in
1144 702 1400 761 militem
1429 701 1659 761 nemini
1686 702 1779 761 vis
1820 702 2088 777 affertur,
2118 701 2227 759 sed

179 820 253 859 ne
301 799 587 877 cupienti
635 798 881 875 quidem
928 799 1210 875 cuiquam
1251 798 1652 876 permittitur.
1758 796 2003 857 Hiemis
2042 797 2225 874 enim,
2251 814 2280 859 5

178 915 298 954 non
327 895 633 954 avaritiae
673 894 1025 972 perfugium
1071 894 1334 974 majores
1361 893 1562 953 nostri
1590 894 1657 951 in
1698 894 1996 952 sociorum
2041 901 2226 970 atque

179 992 513 1051 amicorum
540 992 724 1051 tectis
753 1011 891 1051 esse
920 990 1262 1050 voluerunt.

298 1088 476 1149 XIV.
522 1086 666 1166 Age
693 1108 841 1149 vero
882 1088 1101 1147 ceteris
1148 1088 1213 1145 in
1241 1087 1427 1146 rebus
1469 1105 1592 1163 qua
1628 1085 1733 1144 ille
1762 1086 1848 1143 sit
1889 1094 2226 1162 temperan-

180 1184 286 1259 tia,
335 1185 743 1245 considerate.
829 1184 1012 1243 Unde
1059 1183 1229 1241 illam
1277 1188 1518 1241 tantam
1566 1180 1942 1240 celeritatem
1988 1187 2054 1240 et
2095 1187 2226 1240 tam

180 1281 605 1340 incredibilem
650 1302 891 1340 cursum
931 1281 1248 1340 inventum
1292 1278 1531 1355 putatis
1549 1279 1579 1338 1³
1660 1276 1803 1336 Non
1846 1278 2007 1336 enim
2050 1278 2221 1336 illum
2251 1296 2312 1344 10

181 1378 403 1436 eximia
428 1378 525 1438 vis
565 1379 867 1456 remigum
906 1384 1016 1436 aut
1042 1397 1140 1435 ars
1176 1376 1454 1433 inaudita
1500 1372 2225 1452 quaedam'gubernandi

182 1481 289 1532 aut
316 1475 495 1534 venti
532 1474 725 1551 aliqui
752 1475 898 1534 novi
939 1480 1069 1533 tam
1098 1472 1379 1533 celeriter
1407 1472 1472 1529 in
1516 1470 1766 1529 ultimas
1792 1477 1986 1531 terras
2025 1479 2226 1549 pertu-

181 1571 399 1646 lerunt,
431 1571 544 1630 sed
571 1590 683 1630 eae
708 1590 825 1646 reS,
854 1590 1012 1648 quae
1042 1577 1281 1630 ceteros
1309 1569 1596 1627 remorari
1637 1567 1860 1644 solent,
1888 1589 2011 1627 non
2040 1576 2225 1628 retar-

181 1669 433 1726 darunt:
477 1686 602 1725 non
631 1668 885 1726 avaritia
912 1668 989 1726 ab
1008 1668 1297 1726 instituto
1326 1686 1507 1725 cursu
1537 1665 1614 1724 ad
1636 1665 1928 1742 praedam
1957 1665 2222 1743 aliquam

181 1764 521 1839 devocavit,
562 1783 689 1822 non
740 1763 938 1823 libido
991 1764 1070 1822 ad
1122 1763 1526 1842 voluptatem,
1577 1782 1701 1820 non
1759 1763 2100 1820 amoenitas
2141 1763 2219 1820 ad
2249 1777 2309 1824 15

182 1860 674 1935 delectationem,
717 1880 842 1919 non
895 1860 1183 1920 nobilitas
1239 1861 1409 1920 urbis
1464 1860 1544 1917 ad
1602 1861 2042 1937 cognitionem,
2100 1881 2224 1919 non

181 1958 447 2034 denique
493 1957 667 2015 labor
694 1958 829 2033 ipse
857 1957 937 2015 ad
981 1958 1285 2035 quietem3
1326 1964 1640 2035 postremo
1668 1957 1847 2034 signa
1889 1963 1954 2016 et
1982 1956 2224 2016 tabulas
2271 1997 2277 2002 ·

180 2071 506 2131 ceteraque
556 2059 916 2113 ornamenta
964 2052 1334 2113 Graecorum
1387 2053 1774 2131 oppidorum,
1825 2073 1983 2132 quae
2030 2056 2221 2114 ceteri

183 2149 453 2209 tollenda
482 2170 621 2210 esse
650 2151 1043 2226 arbitrantur,
1072 2172 1146 2209 ea
1175 2152 1292 2211 sibi
1320 2153 1427 2211 ille
1457 2174 1535 2212 ne
1564 2155 1821 2214 visenda
1849 2155 2094 2233 quidem
2123 2177 2221 2216 cx-

181 2247 495 2307 istimavit.
582 2247 803 2324 Itaque
848 2267 1063 2306 omnes
1105 2268 1267 2307 nunc
1305 2249 1368 2306 in
1414 2251 1489 2307 iis
1525 2250 1673 2310 locis
1717 2251 1826 2313 Cn.
1858 2251 2218 2330 Pompeium
2245 2264 2309 2312 20

182 2344 341 2402 sicut
369 2342 639 2420 aliquem
667 2363 789 2402 non
820 2363 899 2403 ex
926 2343 1040 2401 hac
1067 2344 1217 2404 urbe
1255 2347 1529 2423 missum,
1561 2349 1672 2407 sed
1698 2350 1778 2409 de
1819 2350 1990 2410 caelo
2018 2350 2220 2428 delap-

181 2461 314 2498 sum
341 2440 666 2499 intuentur
686 2462 703 2515 3
744 2460 907 2499 nunc
928 2441 1195 2518 denique
1212 2443 1516 2521 incipiunt
1546 2446 1807 2521 credere,
1824 2447 2017 2506 fuisse
2034 2447 2221 2505 homi·

179 2557 290 2596 nes
334 2536 645 2595 Romanos
689 2537 804 2596 hac
830 2538 1137 2615 quondam
1184 2541 1584 2617 continentia,
1614 2543 1778 2620 quod
1819 2543 1946 2620 jam
1988 2544 2221 2601 nation-

180 2635 318 2693 ibus
347 2634 579 2693 exteris
605 2634 964 2694 incredibile
993 2655 1063 2693 ac
1091 2634 1247 2694 falso
1279 2639 1607 2697 memoriae
1635 2639 1949 2716 proditum
1977 2639 2222 2697 videba-

178 2739 295 2788 tur.
410 2730 594 2789 Nunc
641 2731 882 2808 imperii
930 2733 1123 2791 vestri
1174 2733 1463 2810 splendor
1512 2733 1634 2793 illis
1680 2734 1974 2811 gentibus
2025 2734 2220 2793 lucem
2244 2746 2307 2792 25

179 2828 392 2886 afferre
423 2827 662 2903 coepit3
704 2847 864 2885 nunc
890 2828 1251 2908 intelligunt
1270 2852 1396 2890 non
1424 2832 1560 2891 sine
1588 2851 1770 2889 causa
1788 2831 2048 2908 majores
2077 2851 2220 2889 suos

178 2929 333 2998 tum,
363 2943 552 3000 quum
584 2943 658 2982 ea
688 2926 1100 3001 temperantia
1128 2929 1527 3006 magistratus
1568 2927 1964 3002 habebamuS‚
1994 2928 2218 2987 servire

177 3019 410 3097 populo
440 3019 722 3079 Romano
750 3039 933 3098 quam
961 3023 1265 3101 imperare
1294 3024 1430 3082 aliis
1458 3023 1763 3084 maluisse.

298 3115 341 3174 J
339 3136 437 3173 am
456 3136 603 3175 vero
619 3116 707 3175 ita
736 3117 944 3179 faciles
963 3121 1172 3179 aditus
1201 3121 1280 3179 ad
1309 3141 1448 3179 eum
1467 3121 1866 3197 privatorum,
1884 3123 1971 3180 ita
1989 3122 2217 3182 liberae

179 3213 596 3289 querimoniae
624 3212 703 3272 de
731 3213 987 3274 aliorum
1015 3217 1255 3295 injuriis
1284 3236 1422 3276 esse
1452 3217 1757 3294 dicuntur,
1775 3224 1846 3276 ut
1873 3219 1946 3294 is,
1965 3220 2069 3296 qui
2089 3220 2216 3298 dig·
2242 3229 2306 3275 30

179 3310 378 3379 nitate
395 3309 778 3386 principibus
798 3312 1064 3383 excellit,
1084 3313 1386 3372 facilitate
1400 3313 1626 3372 infimis
1645 3334 1753 3390 par
1770 3334 1906 3374 esse
1923 3316 2212 3376 videatur.

177 3404 315 3462 Jam
345 3411 648 3481 quantum
681 3407 957 3484 consilio,
986 3415 1284 3486 quantum
1312 3409 1557 3467 dicendi
1600 3411 1912 3486 gravitate
1941 3418 2007 3470 et
2041 3413 2216 3488 copia

179 3500 404 3576 valeat,
423 3502 489 3558 in
518 3521 640 3578 quo
670 3502 808 3580 ipso
835 3503 1000 3561 inest
1028 3505 1325 3580 quaedam
1355 3505 1633 3583 dignitas
1662 3507 2070 3585 imperatoria,
2087 3524 2214 3578 VOS,

179 3597 477 3674 QuiriteS,
510 3599 628 3658 hoc
654 3600 795 3676 ipso
837 3619 916 3659 ex
947 3600 1082 3659 loco
1116 3621 1303 3679 saepe
1340 3603 1737 3680 cognovistis
1825 3602 2040 3660 Fidem
2071 3619 2216 3658 vero

179 3695 315 3772 ejus
345 3702 642 3771 quantam
674 3696 835 3754 inter
861 3697 1060 3754 socios
1094 3698 1439 3757 existimari
1482 3700 1740 3777 putatiS,
1776 3717 1958 3774 quam
1999 3694 2215 3754 hostes
2242 3709 2304 3756 35

178 3810 393 3848 omncs
414 3792 687 3848 omnium
707 3812 997 3867 generum
1018 3794 1466 3851 sanctissimam
1482 3793 1812 3872 judicarint
1829 3794 1857 3851 Ῥ
1923 3790 2218 3850 Humani-
