2725 4299
352 268 472 328 124
899 264 969 313 IN
1017 263 1368 312 ANTONIUM
1413 262 1659 313 ORATIO
1702 263 1931 312 PRIMA.

450 428 829 508 pignoribus,
873 428 982 487 sed
1031 446 1265 503 eorum,
1292 427 1373 487 de
1414 446 1674 504 quorum
1723 426 1955 486 honore
1995 427 2224 506 agitur,
2255 428 2499 506 gratia3

451 525 616 604 quod
661 525 826 585 idem
855 524 945 600 fit,
973 543 1162 602 quum
1204 523 1285 583 de
1328 521 1641 600 triumpho
1684 524 1962 584 refertur.
2048 523 2151 583 Ita
2178 524 2319 583 sine
2359 543 2499 582 cura

452 621 737 681 consules
784 628 948 696 sunt,
975 627 1048 679 ιιι
1090 639 1289 697 paene
1336 619 1601 679 liberum
1642 621 1726 678 sit
1769 620 2043 681 senatori
2084 641 2217 680 non
2255 621 2496 681 adesse.

451 717 576 792 Qui
602 737 792 796 quum
830 717 977 776 mihi
1016 736 1149 776 mos
1175 724 1366 776 notus
1393 722 1565 776 esset
1591 736 1906 796 quumque
1934 737 1971 777 e
1998 718 2106 778 via
2133 717 2496 796 languerem

381 832 410 877 5
451 822 518 876 et
544 813 825 875 mihimet
843 813 1249 892 displicerem,
1271 813 1415 872 misi
1441 833 1556 892 pro
1576 814 1849 873 amicitia
1876 815 1984 891 qui
2011 814 2132 875 hoc
2152 816 2215 874 ei
2242 815 2494 876 diceret.

451 910 545 971 At
570 911 677 972 ille
703 911 883 973 vobis
925 909 1318 971 audientibus
1347 930 1487 969 cum
1514 909 1707 969 fabris
1734 930 1801 970 se
1828 910 2081 969 domum
2124 931 2332 971 meam
2360 931 2498 972 ven-

450 1018 655 1070 turum
695 1029 836 1069 esse
862 1007 1042 1067 dixit.
1124 1006 1326 1067 Nimis
1369 1006 1658 1067 iracunde
1686 1006 1802 1067 hoc
1826 1007 2075 1086 quidem
2103 1015 2173 1068 et
2202 1007 2387 1069 valde
2415 1009 2498 1067 in-

452 1114 882 1185 temperanter.
967 1103 1157 1182 Gujus
1186 1103 1348 1163 enim
1376 1103 1665 1165 maleficii
1691 1110 1866 1163 tanta
1891 1105 2014 1164 ista
2041 1124 2250 1182 poena
2278 1112 2398 1182 est,
2426 1114 2495 1164 ut

451 1204 654 1263 dicere
694 1204 758 1260 in
797 1200 915 1261 hoc
939 1200 1153 1260 ordine
1194 1201 1453 1259 auderet
1479 1220 1547 1260 se
1588 1200 1853 1278 publicis
1880 1202 2085 1279 operis
2115 1202 2492 1262 disturbatu-

351 1312 412 1360 10
448 1318 581 1356 rum
635 1296 881 1376 publice
936 1316 1016 1356 ex
1069 1303 1323 1356 senatus
1379 1297 1691 1356 sententia
1745 1297 2129 1357 aedificatam
2185 1298 2438 1358 domum
2465 1302 2495 1360 ’Β

449 1393 606 1466 Quis
645 1400 852 1453 autem
897 1412 1166 1471 unquam
1210 1400 1391 1453 tanto
1431 1393 1656 1453 damno
1698 1400 2051 1454 senatorem
2084 1395 2299 1471 coegit
2316 1395 2348 1456 ⁴?
2387 1403 2495 1454 aut

445 1491 596 1569 quid
623 1497 722 1549 est
762 1489 923 1549 ultra
962 1489 1191 1567 pignus
1220 1498 1330 1548 aut
1374 1490 1629 1548 multam
1649 1491 1679 1551 ἲ
1761 1488 1944 1564 Quod
1971 1491 2026 1550 si
2053 1491 2278 1551 scisset
2305 1511 2492 1570 quam

450 1588 824 1648 sententiam
870 1586 1151 1646 dicturus
1200 1607 1421 1663 essem,
1451 1587 1787 1647 remisisset
1821 1586 2053 1667 aliquid
2095 1589 2382 1667 profecto
2414 1590 2494 1649 de

452 1685 781 1746 severitate
808 1683 1087 1762 cogendi.
1194 1697 1203 1700 ¹

350 1797 410 1844 15
569 1782 680 1843 VI.
724 1780 832 1840 An
869 1801 971 1841 me
1011 1780 1293 1856 censetis,
1321 1787 1535 1858 patres
1576 1780 1929 1859 conscripti,
1957 1781 2125 1860 quod
2152 1801 2269 1842 vos
2310 1782 2492 1843 inviti

451 1881 648 1941 secuti
673 1880 845 1957 estis,
873 1880 1261 1939 decreturum
1288 1877 1500 1953 fuisse,
1531 1883 1604 1936 ιιι
1644 1876 1988 1955 parentalia
2015 1899 2157 1939 cum
2185 1880 2491 1959 supplica-

449 1978 727 2038 tionibus
770 1978 1170 2037 miscerentur
1189 1976 1219 2036 ?
1273 1980 1343 2033 ut
1392 1974 1799 2053 inexpiabiles
1854 1975 2192 2054 religiones
2247 1978 2316 2036 in
2365 1998 2488 2037 rem

448 2075 757 2153 publicam
811 2076 1243 2136 inducerentur
1258 2076 1288 2136 ?
1347 2081 1424 2134 ut
1469 2075 1946 2156 decernerentur
2001 2075 2489 2156 supplicationes

448 2182 692 2231 mortuo
712 2175 742 2233 ‘t‘
823 2173 997 2231 Nihil
1038 2173 1176 2232 dico
1204 2173 1317 2233 cui.
1403 2172 1615 2233 Fuerit
1657 2171 1766 2233 ille
1806 2173 2056 2251 Brutus,
2095 2174 2202 2252 qui
2245 2182 2315 2234 et
2359 2175 2491 2253 ipse

346 2279 412 2326 20
448 2267 770 2326 dominatu
821 2270 998 2347 regio
1051 2289 1180 2329 rem
1233 2269 1544 2347 publicam
1614 2270 1900 2330 liberavit
1951 2275 2019 2330 et
2085 2271 2167 2329 ad
2221 2271 2489 2331 similem

449 2364 743 2425 virtutem
783 2370 851 2425 et
896 2365 1096 2427 simile
1122 2368 1353 2427 factum
1396 2368 1652 2445 stirpem
1680 2415 1685 2421 .
1692 2368 1820 2447 jam
1858 2387 2053 2446 prope
2080 2367 2147 2426 in
2192 2368 2492 2448 quingen·
2540 2424 2552 2433 ,

449 2461 738 2521 tesimum
771 2483 993 2522 annum
1020 2463 1413 2542 propagavit,
1442 2463 1662 2523 adduci
1710 2470 1919 2524 tamen
1965 2482 2089 2523 non
2135 2483 2393 2542 possem
2421 2471 2489 2522 ut

450 2578 813 2637 quemquam
845 2566 1147 2620 mortuum
1175 2561 1615 2639 conjungerem
1647 2581 1786 2620 cum
1814 2559 2252 2620 immortalium
2290 2561 2488 2640 religi·

451 2676 590 2734 one,
630 2664 723 2733 ut,
756 2658 930 2737 cujus
974 2656 1359 2735 sepulchrum
1406 2677 1663 2734 usquam
1706 2662 1917 2717 exstet
1954 2656 2065 2717 ubi
2103 2644 2487 2734 parentetm,

347 2763 410 2810 25
450 2753 512 2812 ei
536 2754 781 2832 publice
807 2753 1200 2833 supplicetur.

572 2850 711 2929 Ego
757 2871 903 2911 vero
952 2870 1089 2910 eam
1139 2849 1515 2911 sententiam
1559 2848 1873 2926 dixissem,
1921 2855 1994 2908 ut
2047 2869 2146 2910 me
2194 2851 2489 2912 adversus

447 2946 743 3023 populum
783 2947 1146 3023 Romanum,
1187 2947 1243 3006 si
1285 2947 1392 3025 qui
1433 2946 1757 3006 accidisset
1787 2946 2037 3024 gravior
2076 2946 2167 3006 rei
2207 2948 2489 3025 publicae

449 3060 645 3117 casuS,
673 3042 726 3100 si
764 3041 1013 3118 bellum,
1044 3044 1099 3101 si
1139 3044 1410 3119 morbuS,
1438 3042 1493 3102 si
1531 3044 1746 3118 fames,
1775 3042 1954 3102 facile
1996 3062 2245 3120 possem
2283 3044 2492 3105 defen·

451 3137 636 3213 dere;
678 3157 836 3215 quae
865 3140 1088 3216 partim
1129 3140 1258 3219 jam
1287 3147 1455 3215 sunt,
1483 3138 1710 3218 partim
1736 3139 1929 3199 timeo
1955 3159 2035 3199 ne
2064 3138 2486 3218 impendeant.

346 3245 411 3293 30
452 3232 576 3294 Sed
601 3232 718 3293 hoc
746 3233 1074 3312 ignoscant
1100 3235 1187 3294 dii
1211 3236 1591 3295 immortales
1618 3234 1806 3295 velim
1834 3242 1902 3295 et
1925 3235 2159 3314 populo
2186 3235 2490 3314 Romam,
2597 3248 2600 3253 ⁴

450 3332 558 3408 qui
606 3331 671 3389 id
719 3350 842 3390 non
887 3332 1127 3409 probat,
1178 3338 1244 3393 et
1292 3332 1436 3392 huic
1482 3332 1700 3408 ordini,
1750 3332 1856 3409 qui
1904 3332 2178 3395 decrevit
2231 3333 2486 3395 invitus.

449 3426 611 3500 Quid
629 3429 660 3487 Ρ
700 3427 777 3487 de
803 3427 1056 3505 reliquis
1084 3429 1175 3488 rei
1214 3429 1498 3506 publicae
1527 3428 1703 3488 malis
1743 3427 1967 3488 licetne
1995 3429 2199 3488 dicere
2217 3430 2249 3490 ἲ
2330 3430 2490 3489 Mihi

449 3545 591 3584 vero
630 3525 777 3584 licet
802 3530 867 3583 et
895 3544 1135 3603 semper
1174 3523 1389 3584 licebit
1428 3525 1800 3603 dignitatem
1841 3525 2020 3600 tueri,
2048 3531 2310 3585 mortem
2353 3547 2491 3585 con-

448 3625 737 3681 temnere.
819 3619 1109 3679 Potestas
1153 3621 1337 3679 modo
1366 3621 1655 3681 veniendi
1697 3620 1763 3678 in
1791 3619 1950 3679 hunc
1991 3619 2194 3680 locum
2241 3622 2356 3682 sit:
2404 3623 2488 3680 di-

345 3728 406 3775 35
442 3718 624 3776 cendi
667 3716 1006 3795 periculum
1053 3736 1179 3775 non
1226 3736 1460 3777 recus0.
1546 3714 1763 3794 Atque
1807 3716 2064 3792 utinam,
2093 3724 2307 3795 patres
2352 3738 2488 3778 con-

447 3813 681 3888 scripti,
729 3810 1032 3871 Kalendis
1090 3810 1434 3870 Sextilibus
1479 3812 1699 3871 adesse
1752 3814 2130 3889 potuissem!
2189 3833 2318 3873 non
2368 3835 2488 3893 quo
