2725 4299
821 319 952 369 PRO
997 319 1062 370 M.
1098 319 1452 370 MARCELLO
1497 322 1757 374 ORATIO.
2280 326 2357 389 87

232 483 450 564 gratias
493 503 680 563 agere
721 482 1021 562 gestiunt,
1051 484 1217 561 quod
1257 483 1432 544 brevi
1468 491 1746 563 tempore
1783 487 1990 545 futura
2018 486 2102 545 sit
2144 485 2253 546 illa

231 580 550 640 auctoritas
576 581 642 639 in
669 580 766 639 his
794 581 1098 660 majorum
1124 599 1373 639 suorum
1402 586 1469 640 et
1500 582 1626 639 suis
1655 581 1920 642 sedibus.

335 678 444 739 IV.
490 677 799 756 Equidem
815 698 1003 755 quum
1025 675 1092 737 O.
1118 676 1414 754 Marcelli,
1430 677 1548 738 viri
1565 678 1785 756 optimi
1805 685 1872 739 et
1890 698 2251 740 commemo-

227 774 393 833 rabili
435 774 675 852 pietate
717 774 1005 853 praediti,
1047 774 1330 833 lacrimas
1373 775 1557 835 modo
1596 775 1913 836 vobiscum
1955 777 2247 853 viderem,

228 869 484 929 omnium
509 870 937 931 Marcellorum
977 890 1183 931 meum
1223 877 1441 950 pectus
1479 873 1770 932 memoria
1798 873 2079 950 obfudit3
2121 874 2250 952 qui·
2276 888 2305 933 ὅ

226 968 329 1026 bus
369 974 441 1025 tu
483 967 674 1027 etiam
717 968 976 1027 mortuis
1018 966 1102 1028 Μ.
1132 967 1425 1028 Marcello
1469 976 1838 1028 conservato
1881 968 2249 1048 dignitatem

227 1082 384 1121 suam
421 1064 770 1141 reddidisti,
801 1063 1373 1142 nobilissimamque
1413 1064 1710 1124 familiam
1747 1066 1878 1146 jam
1904 1067 1986 1126 ad
2020 1086 2250 1145 paucos

221 1160 521 1220 redactam
540 1181 744 1240 paene
766 1161 845 1221 ab
866 1161 1125 1221 interitu
1144 1161 1495 1222 vindicasti.
1580 1161 1765 1222 Hunc
1783 1170 1855 1222 tu
1876 1163 2069 1243 igitur
2087 1163 2250 1224 diem

223 1257 338 1316 tuis
361 1257 651 1317 maximis
679 1264 746 1318 et
773 1256 1321 1317 innumerabilibus
1360 1258 1882 1337 gratulationibus
1919 1261 2054 1341 jure
2082 1266 2251 1321 ante-

221 1373 414 1431 pones».
500 1354 683 1415 Haec
711 1356 875 1415 enim
902 1374 1000 1415 res
1026 1354 1211 1413 unius
1238 1362 1332 1414 est
1373 1357 1618 1434 propria
1646 1356 1963 1434 Caesaris3
2005 1364 2247 1418 ceterae
2276 1371 2338 1418 10

224 1450 365 1511 duce
389 1457 456 1512 te
481 1458 708 1531 gestae
733 1471 999 1531 magnae
1028 1450 1172 1511 illae
1195 1452 1464 1530 quidem,
1487 1454 1597 1514 sed
1625 1461 1834 1515 tamen
1861 1453 2055 1514 multo
2081 1476 2248 1534 mag-

222 1566 409 1625 noque
449 1549 773 1609 comitatu.
859 1547 1071 1626 Hujus
1117 1554 1327 1608 autem
1368 1550 1458 1609 rei
1501 1557 1574 1608 tu
1618 1549 1784 1610 idem
1826 1557 1892 1611 et
1918 1553 2044 1610 dux
2087 1572 2154 1612 es
2182 1557 2248 1612 et

223 1662 445 1721 comes;
486 1666 655 1724 quae
683 1645 932 1725 quidem
960 1650 1140 1704 tanta
1168 1651 1285 1722 est,
1314 1654 1389 1705 ut
1413 1647 1685 1725 tropaeis
1712 1649 2248 1726 monumentisque

200 1740 335 1799 “tuis
359 1741 625 1801 allatura
644 1742 828 1802 finem
859 1742 941 1802 sit
969 1742 1378 1802 aetas—nihil
1400 1750 1497 1804 est
1524 1745 1689 1804 enim
1716 1764 1901 1823 opere
1930 1752 2038 1804 aut
2064 1765 2249 1804 manu

222 1836 451 1915 factum,
479 1840 654 1918 quod
693 1860 818 1899 non
848 1839 1174 1918 aliquando
1202 1840 1489 1899 conficiat
1529 1846 1596 1901 et
1623 1848 1941 1900 consumat
1966 1847 2246 1900 vetustas
2277 1853 2337 1898 16

223 1940 353 1994 —at
392 1935 545 1996 haec
591 1943 705 1995 tua
751 1936 995 2016 justitia
1040 1941 1106 1994 et
1144 1935 1373 1995 lenitas
1418 1936 1609 1994 animi
1644 1937 1929 1997 florescet
1968 1937 2247 2014 quotidie

224 2032 422 2111 magiS‚
449 2033 542 2092 ita
585 2039 678 2109 ut,
707 2039 1008 2111 quantum
1048 2032 1342 2111 operibus
1384 2032 1507 2092 tuis
1535 2032 1907 2093 diuturnitas
1941 2032 2246 2111 detrahet,

222 2132 443 2188 tantum
470 2131 694 2191 afferat
712 2130 1017 2191 laudibus.
1102 2129 1190 2189 Et
1211 2135 1452 2190 ceteros
1472 2130 1722 2208 quidem
1750 2152 1963 2192 omnes
1983 2131 2246 2193 victores

222 2223 500 2286 bellorum
516 2228 799 2288 civilium
817 2228 945 2308 jam
967 2233 1111 2287 ante
1135 2226 1450 2305 aequitate
1467 2233 1532 2287 et
1547 2228 1959 2289 misericordia
1975 2229 2242 2290 viceras:

223 2320 498 2385 hodierno
533 2345 678 2386 vero
722 2326 823 2385 die
869 2331 935 2385 te
979 2324 1183 2402 ipsum
1220 2322 1443 2385 vicisti.
1529 2324 1766 2385 Vereor
1808 2334 1881 2385 ut
1922 2325 2037 2386 hoc
2080 2328 2246 2404 quod
2271 2338 2336 2386 20

225 2417 404 2478 dicam
442 2421 704 2500 perinde
745 2420 1017 2499 intelligi
1043 2419 1244 2500 possit
1270 2421 1553 2479 auditum
1580 2429 1768 2500 atque
1797 2424 1932 2502 ipse
1961 2424 2245 2502 cogitans

227 2518 425 2579 sentio.
510 2518 725 2597 Ipsam
751 2519 1075 2578 victoriam
1100 2518 1321 2579 vicisse
1348 2518 1597 2596 videriS,
1626 2538 1815 2598 quum
1851 2541 1925 2580 ea
1953 2542 2110 2598 quae
2136 2521 2246 2580 illa

228 2625 345 2672 erat
385 2616 616 2694 adepta
653 2615 836 2676 victis
878 2614 1188 2674 remisisti.
1273 2614 1439 2674 Nam
1482 2634 1673 2693 quum
1713 2615 1910 2694 ipsius
1948 2618 2244 2677 victoriae

228 2711 571 2772 condicione
610 2713 747 2791 jure
788 2732 1002 2771 omnes
1029 2711 1174 2772 victi
1209 2711 1663 2788 occidissemus,
1692 2711 2056 2772 clementiae
2098 2719 2244 2773 tuae

226 2803 435 2882 judicio
462 2809 813 2891 conservati
855 2828 1082 2869 sumus,
1165 2808 1360 2869 Recte
1390 2808 1585 2887 igitur
1612 2799 1769 2868 unus
1797 2807 2064 2869 invictus
2092 2829 2179 2887 es,
2209 2831 2246 2868 a
2271 2825 2334 2871 25

228 2920 336 2978 quo
362 2906 552 2965 etiam
580 2905 777 2984 ipsius
803 2906 1096 2966 victoriae
1127 2905 1406 2965 condicio
1433 2906 1653 2983 visque
1682 2905 1928 2966 devicta
1954 2911 2065 2968 est.

333 3001 408 3063 V.
452 3001 666 3081 Atque
710 3003 827 3063 hoc
868 3001 934 3062 C.
970 3001 1250 3062 Caesaris
1295 3002 1612 3081 judicium,
1640 3009 1848 3082 patres
1894 3006 2245 3085 conscripti,

229 3114 396 3172 quam
421 3099 550 3160 late
590 3106 825 3179 pateat,
855 3100 1198 3159 attendite:
1242 3119 1458 3160 omnes
1485 3101 1669 3177 enim,
1700 3102 1804 3178 qui
1832 3102 1913 3160 ad
1949 3101 2054 3161 illa
2082 3125 2247 3162 arma

227 3191 345 3254 fato
371 3216 580 3256 sumus
606 3198 815 3257 nescio
844 3217 967 3274 quo
992 3195 1085 3256 rei
1125 3195 1413 3273 publicae
1441 3197 1665 3257 misero
1695 3198 2064 3277 funestoque
2091 3221 2248 3260 com·

230 3291 394 3369 pulsi,
422 3295 542 3354 etsi
585 3295 791 3373 aliqua
835 3293 1013 3372 culpa
1056 3298 1339 3352 tenemur
1385 3295 1605 3353 erroris
1647 3294 1918 3372 humani,
1947 3317 1985 3354 a
2024 3297 2247 3356 scelere
2275 3310 2338 3356 30

231 3396 379 3450 certe
406 3391 652 3451 liberati
695 3411 922 3450 sumus.
1008 3391 1169 3450 Nam
1200 3411 1390 3469 quum
1417 3390 1499 3451 M.
1531 3391 1889 3452 Marcellum
1925 3393 2249 3470 deprecan-

206 3484 383 3545 tibus
410 3489 582 3547 vobis
609 3489 699 3547 rei
734 3488 1019 3566 publicae
1049 3486 1459 3565 conservavit,
1487 3509 1585 3549 me
1614 3496 1680 3548 et
1708 3490 1859 3548 mihi
1886 3496 1954 3548 et
1980 3489 2134 3548 item
2160 3489 2250 3548 rei

231 3581 493 3656 publicae
546 3585 718 3644 nullo
766 3585 1154 3662 deprecante,
1198 3584 1467 3662 reliquos
1516 3585 1927 3663 amplissimos
1969 3584 2135 3644 viros
2185 3591 2251 3643 et

236 3677 339 3737 sibi
364 3680 525 3758 ipsos
547 3689 612 3741 ct
641 3681 877 3760 patriae
906 3682 1195 3757 reddidit,
1227 3702 1486 3760 quorum
1516 3689 1581 3741 et
1602 3681 2014 3758 frequentiam
2035 3685 2100 3739 et
2121 3680 2251 3759 dig-

234 3773 475 3836 nitatem
507 3778 617 3838 hoc
644 3779 780 3856 ipso
808 3778 875 3836 in
903 3797 1194 3838 consessu
1215 3778 1460 3854 videtis,
1481 3799 1603 3836 non
1633 3776 1738 3834 ille
1768 3776 1981 3834 hostes
2002 3775 2251 3838 induxit
2278 3791 2338 3837 35

239 3867 293 3926 in
321 3875 558 3950 curiam,
587 3876 696 3934 scd
740 3873 1045 3954 judicavit
1072 3895 1110 3933 a
1149 3874 1458 3951 plerisque
1502 3871 1890 3948 ignoratione
1933 3874 2145 3948 potius
2186 3882 2252 3933 et
