<?xml version="1.0" encoding="UTF-8"?>
<!DOCTYPE html PUBLIC "-//W3C//DTD XHTML 1.0 Transitional//EN"
    "http://www.w3.org/TR/xhtml1/DTD/xhtml1-transitional.dtd">
<html xmlns="http://www.w3.org/1999/xhtml" xml:lang="en" lang="en">
 <head>
  <title>
</title>
<meta http-equiv="Content-Type" content="text/html;charset=utf-8" />
  <meta name='ocr-system' content='tesseract 3.04.00' />
  <meta name='ocr-capabilities' content='ocr_page ocr_carea ocr_par ocr_line ocrx_word'/>
</head>
<body>
  <div class='ocr_page' id='page_1' title='image "./selectorationsm02harkgoog_0122.png"; bbox 0 0 2725 4299; ppageno 0'>
   <div class='ocr_carea' id='block_1_1' title="bbox 359 273 1855 337">
    <p class='ocr_par' dir='ltr' id='par_1_1' title="bbox 359 273 1855 337">
     <span class='ocr_line' id='line_1_1' title="bbox 359 273 1855 337; baseline -0.002 -12"><span class='ocrx_word' id='word_1_1' title='bbox 359 279 474 337; x_wconf 87' lang='lat'>100</span> <span class='ocrx_word' id='word_1_2' title='bbox 1009 276 1138 325; x_wconf 86' lang='lat' dir='ltr'>PRO</span> <span class='ocrx_word' id='word_1_3' title='bbox 1184 276 1240 334; x_wconf 88' lang='lat' dir='ltr'>Q.</span> <span class='ocrx_word' id='word_1_4' title='bbox 1277 274 1552 324; x_wconf 84' lang='lat' dir='ltr'>LIGARIO</span> <span class='ocrx_word' id='word_1_5' title='bbox 1597 273 1855 324; x_wconf 84' lang='lat' dir='ltr'><strong>ORATIO.</strong></span> 
     </span>
    </p>
   </div>
   <div class='ocr_carea' id='block_1_2' title="bbox 369 435 2550 3900">
    <p class='ocr_par' dir='ltr' id='par_1_2' title="bbox 369 435 2550 3900">
     <span class='ocr_line' id='line_1_2' title="bbox 460 435 2522 516; baseline -0.003 -17"><span class='ocrx_word' id='word_1_6' title='bbox 460 459 560 499; x_wconf 92' lang='lat' dir='ltr'>me</span> <span class='ocrx_word' id='word_1_7' title='bbox 587 437 876 515; x_wconf 73' lang='lat' dir='ltr'>consuliS,</span> <span class='ocrx_word' id='word_1_8' title='bbox 896 437 1070 497; x_wconf 88' lang='lat' dir='ltr'>nullo</span> <span class='ocrx_word' id='word_1_9' title='bbox 1089 438 1275 497; x_wconf 91' lang='lat' dir='ltr'>modo</span> <span class='ocrx_word' id='word_1_10' title='bbox 1297 459 1314 514; x_wconf 83' lang='lat'><em>3</em></span> <span class='ocrx_word' id='word_1_11' title='bbox 1357 438 1468 497; x_wconf 88' lang='lat' dir='ltr'>sed</span> <span class='ocrx_word' id='word_1_12' title='bbox 1487 443 1700 496; x_wconf 90' lang='lat' dir='ltr'>tamen</span> <span class='ocrx_word' id='word_1_13' title='bbox 1721 436 2037 516; x_wconf 86' lang='lat' dir='ltr'>Ligarium</span> <span class='ocrx_word' id='word_1_14' title='bbox 2059 442 2320 495; x_wconf 90' lang='lat' dir='ltr'>senatus</span> <span class='ocrx_word' id='word_1_15' title='bbox 2346 435 2522 495; x_wconf 90' lang='lat' dir='ltr'>idem</span> 
     </span>
     <span class='ocr_line' id='line_1_3' title="bbox 459 533 2521 615; baseline -0.001 -21"><span class='ocrx_word' id='word_1_16' title='bbox 459 535 793 615; x_wconf 79' lang='lat' dir='ltr'><strong>legaverat.</strong></span> <span class='ocrx_word' id='word_1_17' title='bbox 893 533 1108 613; x_wconf 84' lang='lat' dir='ltr'><strong>Atque</strong></span> <span class='ocrx_word' id='word_1_18' title='bbox 1158 534 1263 594; x_wconf 88' lang='lat' dir='ltr'>ille</span> <span class='ocrx_word' id='word_1_19' title='bbox 1308 554 1386 594; x_wconf 90' lang='lat' dir='ltr'>eo</span> <span class='ocrx_word' id='word_1_20' title='bbox 1432 541 1713 612; x_wconf 90' lang='lat' dir='ltr'>tempore</span> <span class='ocrx_word' id='word_1_21' title='bbox 1767 533 1995 612; x_wconf 88' lang='lat' dir='ltr'>paruit,</span> <span class='ocrx_word' id='word_1_22' title='bbox 2046 554 2238 611; x_wconf 90' lang='lat' dir='ltr'>quum</span> <span class='ocrx_word' id='word_1_23' title='bbox 2295 552 2521 611; x_wconf 89' lang='lat' dir='ltr'>parere</span> 
     </span>
     <span class='ocr_line' id='line_1_4' title="bbox 459 630 2521 708; baseline -0.001 -17"><span class='ocrx_word' id='word_1_24' title='bbox 459 631 702 692; x_wconf 84' lang='lat' dir='ltr'>senatui</span> <span class='ocrx_word' id='word_1_25' title='bbox 728 650 980 691; x_wconf 86' lang='lat' dir='ltr'>necesse</span> <span class='ocrx_word' id='word_1_26' title='bbox 1008 637 1179 691; x_wconf 86' lang='lat' dir='ltr'>erat:</span> <span class='ocrx_word' id='word_1_27' title='bbox 1225 651 1334 692; x_wconf 89' lang='lat' dir='ltr'>vos</span> <span class='ocrx_word' id='word_1_28' title='bbox 1362 637 1511 690; x_wconf 85' lang='lat' dir='ltr'>tunc</span> <span class='ocrx_word' id='word_1_29' title='bbox 1537 630 1851 708; x_wconf 86' lang='lat' dir='ltr'>paruistis,</span> <span class='ocrx_word' id='word_1_30' title='bbox 1872 650 2064 708; x_wconf 91' lang='lat' dir='ltr'>quum</span> <span class='ocrx_word' id='word_1_31' title='bbox 2091 630 2304 707; x_wconf 89' lang='lat' dir='ltr'>paruit</span> <span class='ocrx_word' id='word_1_32' title='bbox 2329 650 2521 689; x_wconf 91' lang='lat' dir='ltr'>nemo</span> 
     </span>
     <span class='ocr_line' id='line_1_5' title="bbox 459 726 2517 806; baseline -0.001 -19"><span class='ocrx_word' id='word_1_33' title='bbox 459 728 564 806; x_wconf 87' lang='lat' dir='ltr'>qui</span> <span class='ocrx_word' id='word_1_34' title='bbox 615 727 831 787; x_wconf 88' lang='lat' dir='ltr'>noluit.</span> <span class='ocrx_word' id='word_1_35' title='bbox 938 726 1351 805; x_wconf 88' lang='lat' dir='ltr'>Reprehendo</span> <span class='ocrx_word' id='word_1_36' title='bbox 1399 727 1597 805; x_wconf 85' lang='lat' dir='ltr'>igitur</span> <span class='ocrx_word' id='word_1_37' title='bbox 1617 727 1647 786; x_wconf 69' lang='grc' dir='ltr'>’Β</span> <span class='ocrx_word' id='word_1_38' title='bbox 1748 726 2004 785; x_wconf 82' lang='lat' dir='ltr'>Minime</span> <span class='ocrx_word' id='word_1_39' title='bbox 2059 745 2250 801; x_wconf 90' lang='lat' dir='ltr'>vero;</span> <span class='ocrx_word' id='word_1_40' title='bbox 2306 745 2517 803; x_wconf 90' lang='lat' dir='ltr'>neque</span> 
     </span>
     <span class='ocr_line' id='line_1_6' title="bbox 401 821 2513 901; baseline 0.002 -22"><span class='ocrx_word' id='word_1_41' title='bbox 401 835 431 879; x_wconf 77' lang='lat'><strong>5</strong></span> <span class='ocrx_word' id='word_1_42' title='bbox 460 824 624 884; x_wconf 91' lang='lat' dir='ltr'>enim</span> <span class='ocrx_word' id='word_1_43' title='bbox 642 824 816 883; x_wconf 89' lang='lat' dir='ltr'>licuit</span> <span class='ocrx_word' id='word_1_44' title='bbox 836 823 1021 883; x_wconf 86' lang='lat' dir='ltr'>aliter</span> <span class='ocrx_word' id='word_1_45' title='bbox 1040 829 1249 883; x_wconf 88' lang='lat' dir='ltr'>vestro</span> <span class='ocrx_word' id='word_1_46' title='bbox 1276 823 1510 901; x_wconf 84' lang='lat' dir='ltr'>generi,</span> <span class='ocrx_word' id='word_1_47' title='bbox 1533 822 1785 899; x_wconf 89' lang='lat' dir='ltr'>nomini,</span> <span class='ocrx_word' id='word_1_48' title='bbox 1805 821 2098 898; x_wconf 85' lang='lat' dir='ltr'>familiae,</span> <span class='ocrx_word' id='word_1_49' title='bbox 2119 822 2513 899; x_wconf 86' lang='lat' dir='ltr'>disciplinae.</span> 
     </span>
     <span class='ocr_line' id='line_1_7' title="bbox 461 918 2516 997; baseline -0.002 -15"><span class='ocrx_word' id='word_1_50' title='bbox 461 920 585 982; x_wconf 84' lang='lat' dir='ltr'>Sed</span> <span class='ocrx_word' id='word_1_51' title='bbox 623 921 740 981; x_wconf 91' lang='lat' dir='ltr'>hoc</span> <span class='ocrx_word' id='word_1_52' title='bbox 780 941 904 980; x_wconf 93' lang='lat' dir='ltr'>non</span> <span class='ocrx_word' id='word_1_53' title='bbox 930 920 1217 995; x_wconf 74' lang='lat' dir='ltr'>conce-dc,</span> <span class='ocrx_word' id='word_1_54' title='bbox 1246 926 1339 995; x_wconf 88' lang='lat' dir='ltr'>ut,</span> <span class='ocrx_word' id='word_1_55' title='bbox 1368 920 1592 997; x_wconf 91' lang='lat' dir='ltr'>quibus</span> <span class='ocrx_word' id='word_1_56' title='bbox 1619 919 1803 979; x_wconf 90' lang='lat' dir='ltr'>rebus</span> <span class='ocrx_word' id='word_1_57' title='bbox 1840 918 2188 997; x_wconf 82' lang='lat' dir='ltr'>gloriemini</span> <span class='ocrx_word' id='word_1_58' title='bbox 2213 919 2284 977; x_wconf 90' lang='lat' dir='ltr'>in</span> <span class='ocrx_word' id='word_1_59' title='bbox 2309 918 2516 995; x_wconf 78' lang='lat' dir='ltr'>vobiS,</span> 
     </span>
     <span class='ocr_line' id='line_1_8' title="bbox 460 1015 2519 1095; baseline -0.003 -16"><span class='ocrx_word' id='word_1_60' title='bbox 460 1018 708 1078; x_wconf 83' lang='lat' dir='ltr'>easdem</span> <span class='ocrx_word' id='word_1_61' title='bbox 734 1019 799 1077; x_wconf 88' lang='lat' dir='ltr'>in</span> <span class='ocrx_word' id='word_1_62' title='bbox 826 1017 966 1077; x_wconf 90' lang='lat' dir='ltr'>aliis</span> <span class='ocrx_word' id='word_1_63' title='bbox 1004 1016 1485 1095; x_wconf 80' lang='lat' dir='ltr'>reprehendatis,</span> <span class='ocrx_word' id='word_1_64' title='bbox 1571 1015 1910 1075; x_wconf 88' lang='lat' dir='ltr'>Tuberonis</span> <span class='ocrx_word' id='word_1_65' title='bbox 1938 1035 2070 1075; x_wconf 90' lang='lat' dir='ltr'>sors</span> <span class='ocrx_word' id='word_1_66' title='bbox 2098 1015 2386 1095; x_wconf 87' lang='lat' dir='ltr'>conjecta</span> <span class='ocrx_word' id='word_1_67' title='bbox 2414 1022 2519 1075; x_wconf 87' lang='lat' dir='ltr'>est</span> 
     </span>
     <span class='ocr_line' id='line_1_9' title="bbox 460 1112 2515 1191; baseline -0.002 -16"><span class='ocrx_word' id='word_1_68' title='bbox 460 1136 540 1175; x_wconf 81' lang='lat' dir='ltr'>ex</span> <span class='ocrx_word' id='word_1_69' title='bbox 567 1122 818 1176; x_wconf 87' lang='lat' dir='ltr'>senatus</span> <span class='ocrx_word' id='word_1_70' title='bbox 859 1114 1160 1189; x_wconf 88' lang='lat' dir='ltr'>consult0,</span> <span class='ocrx_word' id='word_1_71' title='bbox 1190 1134 1379 1191; x_wconf 91' lang='lat' dir='ltr'>quum</span> <span class='ocrx_word' id='word_1_72' title='bbox 1424 1113 1561 1191; x_wconf 89' lang='lat' dir='ltr'>ipse</span> <span class='ocrx_word' id='word_1_73' title='bbox 1602 1133 1728 1173; x_wconf 92' lang='lat' dir='ltr'>non</span> <span class='ocrx_word' id='word_1_74' title='bbox 1769 1113 2035 1189; x_wconf 82' lang='lat' dir='ltr'>adesset,</span> <span class='ocrx_word' id='word_1_75' title='bbox 2063 1112 2284 1171; x_wconf 88' lang='lat' dir='ltr'>morbo</span> <span class='ocrx_word' id='word_1_76' title='bbox 2317 1114 2515 1172; x_wconf 90' lang='lat' dir='ltr'>etiam</span> 
     </span>
     <span class='ocr_line' id='line_1_10' title="bbox 460 1196 2516 1289; baseline -0 -21"><span class='ocrx_word' id='word_1_77' title='bbox 460 1212 900 1289; x_wconf 86' lang='lat' dir='ltr'>impediretur3</span> <span class='ocrx_word' id='word_1_78' title='bbox 943 1215 1251 1270; x_wconf 78' lang='lat' dir='ltr'>statuerat</span> <span class='ocrx_word' id='word_1_79' title='bbox 1290 1229 1604 1270; x_wconf 80' lang='lat' dir='ltr'>excusare.</span> <span class='ocrx_word' id='word_1_80' title='bbox 1687 1208 1863 1269; x_wconf 87' lang='lat' dir='ltr'>Haec</span> <span class='ocrx_word' id='word_1_81' title='bbox 1887 1196 2021 1286; x_wconf 58' lang='lat' dir='ltr'>⁸ego</span> <span class='ocrx_word' id='word_1_82' title='bbox 2064 1209 2211 1268; x_wconf 84' lang='lat' dir='ltr'>novi</span> <span class='ocrx_word' id='word_1_83' title='bbox 2253 1215 2516 1287; x_wconf 88' lang='lat' dir='ltr'>propter</span> 
     </span>
     <span class='ocr_line' id='line_1_11' title="bbox 377 1305 2511 1384; baseline 0.001 -20"><span class='ocrx_word' id='word_1_84' title='bbox 377 1319 438 1365; x_wconf 87' lang='lat'>10</span> <span class='ocrx_word' id='word_1_85' title='bbox 461 1326 671 1367; x_wconf 88' lang='lat' dir='ltr'>omnes</span> <span class='ocrx_word' id='word_1_86' title='bbox 719 1308 1229 1383; x_wconf 81' lang='lat' dir='ltr'>necessitudineS,</span> <span class='ocrx_word' id='word_1_87' title='bbox 1267 1326 1429 1384; x_wconf 86' lang='lat' dir='ltr'>quae</span> <span class='ocrx_word' id='word_1_88' title='bbox 1478 1306 1627 1364; x_wconf 90' lang='lat' dir='ltr'>mihi</span> <span class='ocrx_word' id='word_1_89' title='bbox 1667 1313 1817 1365; x_wconf 91' lang='lat' dir='ltr'>sunt</span> <span class='ocrx_word' id='word_1_90' title='bbox 1855 1327 1995 1366; x_wconf 90' lang='lat' dir='ltr'>cum</span> <span class='ocrx_word' id='word_1_91' title='bbox 2036 1305 2106 1365; x_wconf 88' lang='lat' dir='ltr'>L.</span> <span class='ocrx_word' id='word_1_92' title='bbox 2137 1305 2511 1367; x_wconf 87' lang='lat' dir='ltr'>Tuberone:</span> 
     </span>
     <span class='ocr_line' id='line_1_12' title="bbox 461 1401 2550 1486; baseline 0 -25"><span class='ocrx_word' id='word_1_93' title='bbox 461 1404 626 1462; x_wconf 91' lang='lat' dir='ltr'>domi</span> <span class='ocrx_word' id='word_1_94' title='bbox 672 1424 796 1461; x_wconf 87' lang='lat' dir='ltr'>una</span> <span class='ocrx_word' id='word_1_95' title='bbox 843 1404 1091 1480; x_wconf 88' lang='lat' dir='ltr'>eruditi,</span> <span class='ocrx_word' id='word_1_96' title='bbox 1132 1403 1396 1463; x_wconf 89' lang='lat' dir='ltr'>militiae</span> <span class='ocrx_word' id='word_1_97' title='bbox 1446 1401 1936 1486; x_wconf 79' lang='lat' dir='ltr'>contubernaleS,</span> <span class='ocrx_word' id='word_1_98' title='bbox 1977 1408 2123 1480; x_wconf 91' lang='lat' dir='ltr'>post</span> <span class='ocrx_word' id='word_1_99' title='bbox 2162 1402 2403 1477; x_wconf 80' lang='lat' dir='ltr'>affineS,</span> <span class='ocrx_word' id='word_1_100' title='bbox 2445 1404 2514 1461; x_wconf 87' lang='lat' dir='ltr'>in</span> <span class='ocrx_word' id='word_1_101' title='bbox 2543 1464 2550 1472; x_wconf 68' lang='grc'><em>,</em></span> 
     </span>
     <span class='ocr_line' id='line_1_13' title="bbox 462 1498 2512 1578; baseline -0.001 -20"><span class='ocrx_word' id='word_1_102' title='bbox 462 1501 626 1558; x_wconf 91' lang='lat' dir='ltr'>omni</span> <span class='ocrx_word' id='word_1_103' title='bbox 672 1500 936 1578; x_wconf 89' lang='lat' dir='ltr'>denique</span> <span class='ocrx_word' id='word_1_104' title='bbox 980 1501 1110 1560; x_wconf 85' lang='lat' dir='ltr'>vita</span> <span class='ocrx_word' id='word_1_105' title='bbox 1157 1499 1528 1576; x_wconf 86' lang='lat' dir='ltr'>familiares;</span> <span class='ocrx_word' id='word_1_106' title='bbox 1592 1519 1886 1577; x_wconf 88' lang='lat' dir='ltr'>magnum</span> <span class='ocrx_word' id='word_1_107' title='bbox 1934 1499 2125 1558; x_wconf 88' lang='lat' dir='ltr'>etiam</span> <span class='ocrx_word' id='word_1_108' title='bbox 2169 1498 2512 1577; x_wconf 91' lang='lat' dir='ltr'>vinculum,</span> 
     </span>
     <span class='ocr_line' id='line_1_14' title="bbox 460 1594 2515 1675; baseline 0.002 -21"><span class='ocrx_word' id='word_1_109' title='bbox 460 1597 625 1674; x_wconf 91' lang='lat' dir='ltr'>quod</span> <span class='ocrx_word' id='word_1_110' title='bbox 653 1597 872 1656; x_wconf 90' lang='lat' dir='ltr'>iisdem</span> <span class='ocrx_word' id='word_1_111' title='bbox 894 1598 1120 1656; x_wconf 88' lang='lat' dir='ltr'>studiis</span> <span class='ocrx_word' id='word_1_112' title='bbox 1148 1616 1392 1675; x_wconf 88' lang='lat' dir='ltr'>semper</span> <span class='ocrx_word' id='word_1_113' title='bbox 1419 1597 1516 1654; x_wconf 90' lang='lat' dir='ltr'>usi</span> <span class='ocrx_word' id='word_1_114' title='bbox 1546 1615 1772 1656; x_wconf 72' lang='lat' dir='ltr'>sumus,</span> <span class='ocrx_word' id='word_1_115' title='bbox 1859 1594 1998 1655; x_wconf 86' lang='lat' dir='ltr'>Scio</span> <span class='ocrx_word' id='word_1_116' title='bbox 2016 1596 2214 1674; x_wconf 90' lang='lat' dir='ltr'>igitur</span> <span class='ocrx_word' id='word_1_117' title='bbox 2238 1595 2515 1658; x_wconf 90' lang='lat' dir='ltr'>Tubero-</span> 
     </span>
     <span class='ocr_line' id='line_1_15' title="bbox 459 1692 2511 1771; baseline 0 -19"><span class='ocrx_word' id='word_1_118' title='bbox 459 1714 603 1753; x_wconf 90' lang='lat' dir='ltr'>nem</span> <span class='ocrx_word' id='word_1_119' title='bbox 631 1694 795 1753; x_wconf 90' lang='lat' dir='ltr'>domi</span> <span class='ocrx_word' id='word_1_120' title='bbox 834 1714 1082 1754; x_wconf 90' lang='lat' dir='ltr'>manere</span> <span class='ocrx_word' id='word_1_121' title='bbox 1109 1692 1419 1768; x_wconf 85' lang='lat' dir='ltr'>voluisse3</span> <span class='ocrx_word' id='word_1_122' title='bbox 1467 1693 1578 1752; x_wconf 88' lang='lat' dir='ltr'>sed</span> <span class='ocrx_word' id='word_1_123' title='bbox 1619 1693 1709 1751; x_wconf 86' lang='lat' dir='ltr'>ita</span> <span class='ocrx_word' id='word_1_124' title='bbox 1735 1692 1991 1769; x_wconf 86' lang='lat' dir='ltr'>quidam</span> <span class='ocrx_word' id='word_1_125' title='bbox 2018 1692 2268 1771; x_wconf 85' lang='lat' dir='ltr'>agebat,</span> <span class='ocrx_word' id='word_1_126' title='bbox 2296 1693 2392 1752; x_wconf 90' lang='lat' dir='ltr'>ita</span> <span class='ocrx_word' id='word_1_127' title='bbox 2422 1695 2511 1754; x_wconf 92' lang='lat' dir='ltr'>rei</span> 
     </span>
     <span class='ocr_line' id='line_1_16' title="bbox 376 1789 2513 1878; baseline 0 -29"><span class='ocrx_word' id='word_1_128' title='bbox 376 1803 435 1878; x_wconf 58' lang='grc' dir='ltr'>ι15</span> <span class='ocrx_word' id='word_1_129' title='bbox 461 1791 741 1869; x_wconf 87' lang='lat' dir='ltr'>publicae</span> <span class='ocrx_word' id='word_1_130' title='bbox 770 1791 1221 1850; x_wconf 86' lang='lat' dir='ltr'>sanctissimum</span> <span class='ocrx_word' id='word_1_131' title='bbox 1249 1810 1476 1849; x_wconf 90' lang='lat' dir='ltr'>nomen</span> <span class='ocrx_word' id='word_1_132' title='bbox 1506 1789 1884 1867; x_wconf 90' lang='lat' dir='ltr'>opponebat,</span> <span class='ocrx_word' id='word_1_133' title='bbox 1913 1795 2003 1866; x_wconf 91' lang='lat' dir='ltr'>ut,</span> <span class='ocrx_word' id='word_1_134' title='bbox 2026 1790 2216 1849; x_wconf 89' lang='lat' dir='ltr'>etiam</span> <span class='ocrx_word' id='word_1_135' title='bbox 2242 1790 2299 1848; x_wconf 91' lang='lat' dir='ltr'>si</span> <span class='ocrx_word' id='word_1_136' title='bbox 2325 1789 2513 1850; x_wconf 88' lang='lat' dir='ltr'>aliter</span> 
     </span>
     <span class='ocr_line' id='line_1_17' title="bbox 463 1886 2509 1966; baseline -0.001 -18"><span class='ocrx_word' id='word_1_137' title='bbox 463 1890 740 1966; x_wconf 85' lang='lat' dir='ltr'>sentiret,</span> <span class='ocrx_word' id='word_1_138' title='bbox 785 1889 1104 1949; x_wconf 87' lang='lat' dir='ltr'>verborum</span> <span class='ocrx_word' id='word_1_139' title='bbox 1148 1893 1358 1946; x_wconf 89' lang='lat' dir='ltr'>tamen</span> <span class='ocrx_word' id='word_1_140' title='bbox 1404 1887 1680 1965; x_wconf 90' lang='lat' dir='ltr'>ipsorum</span> <span class='ocrx_word' id='word_1_141' title='bbox 1735 1887 1979 1964; x_wconf 90' lang='lat' dir='ltr'>pondus</span> <span class='ocrx_word' id='word_1_142' title='bbox 2028 1886 2332 1946; x_wconf 87' lang='lat' dir='ltr'>sustinere</span> <span class='ocrx_word' id='word_1_143' title='bbox 2379 1908 2509 1946; x_wconf 89' lang='lat' dir='ltr'>non</span> 
     </span>
     <span class='ocr_line' id='line_1_18' title="bbox 462 1981 2505 2061; baseline 0 -18"><span class='ocrx_word' id='word_1_144' title='bbox 462 1993 690 2061; x_wconf 85' lang='lat' dir='ltr'>posset.</span> <span class='ocrx_word' id='word_1_145' title='bbox 775 1984 981 2044; x_wconf 84' lang='lat' dir='ltr'>Cessit</span> <span class='ocrx_word' id='word_1_146' title='bbox 1007 1984 1361 2044; x_wconf 84' lang='lat' dir='ltr'>auctoritati</span> <span class='ocrx_word' id='word_1_147' title='bbox 1391 1983 1750 2061; x_wconf 87' lang='lat' dir='ltr'>amplissimi</span> <span class='ocrx_word' id='word_1_148' title='bbox 1773 1983 1886 2043; x_wconf 89' lang='lat' dir='ltr'>viri</span> <span class='ocrx_word' id='word_1_149' title='bbox 1915 1981 2014 2043; x_wconf 87' lang='lat' dir='ltr'>vel</span> <span class='ocrx_word' id='word_1_150' title='bbox 2040 1982 2250 2060; x_wconf 90' lang='lat' dir='ltr'>potius</span> <span class='ocrx_word' id='word_1_151' title='bbox 2275 1985 2505 2061; x_wconf 89' lang='lat' dir='ltr'>paruit.</span> 
     </span>
     <span class='ocr_line' id='line_1_19' title="bbox 463 2080 2509 2159; baseline 0 -20"><span class='ocrx_word' id='word_1_152' title='bbox 463 2080 607 2140; x_wconf 87' lang='lat' dir='ltr'>Una</span> <span class='ocrx_word' id='word_1_153' title='bbox 633 2087 731 2141; x_wconf 89' lang='lat' dir='ltr'>est</span> <span class='ocrx_word' id='word_1_154' title='bbox 773 2082 1088 2159; x_wconf 89' lang='lat' dir='ltr'>profectus</span> <span class='ocrx_word' id='word_1_155' title='bbox 1128 2101 1267 2140; x_wconf 91' lang='lat' dir='ltr'>cum</span> <span class='ocrx_word' id='word_1_156' title='bbox 1301 2082 1400 2157; x_wconf 88' lang='lat' dir='ltr'>iis,</span> <span class='ocrx_word' id='word_1_157' title='bbox 1429 2100 1682 2159; x_wconf 91' lang='lat' dir='ltr'>quorum</span> <span class='ocrx_word' id='word_1_158' title='bbox 1728 2086 1864 2139; x_wconf 89' lang='lat' dir='ltr'>erat</span> <span class='ocrx_word' id='word_1_159' title='bbox 1908 2099 2031 2137; x_wconf 91' lang='lat' dir='ltr'>una</span> <span class='ocrx_word' id='word_1_160' title='bbox 2073 2099 2274 2139; x_wconf 89' lang='lat' dir='ltr'>causa.</span> <span class='ocrx_word' id='word_1_161' title='bbox 2363 2080 2509 2139; x_wconf 89' lang='lat' dir='ltr'>Tar·</span> 
     </span>
     <span class='ocr_line' id='line_1_20' title="bbox 459 2176 2502 2257; baseline 0.002 -23"><span class='ocrx_word' id='word_1_162' title='bbox 459 2177 597 2235; x_wconf 90' lang='lat' dir='ltr'>dius</span> <span class='ocrx_word' id='word_1_163' title='bbox 643 2178 763 2236; x_wconf 90' lang='lat' dir='ltr'>iter</span> <span class='ocrx_word' id='word_1_164' title='bbox 808 2178 974 2252; x_wconf 89' lang='lat' dir='ltr'>fecit,</span> <span class='ocrx_word' id='word_1_165' title='bbox 1017 2178 1230 2255; x_wconf 92' lang='lat' dir='ltr'>itaque</span> <span class='ocrx_word' id='word_1_166' title='bbox 1280 2179 1345 2237; x_wconf 90' lang='lat' dir='ltr'>in</span> <span class='ocrx_word' id='word_1_167' title='bbox 1389 2176 1667 2238; x_wconf 88' lang='lat' dir='ltr'>Africam</span> <span class='ocrx_word' id='word_1_168' title='bbox 1713 2178 1888 2239; x_wconf 87' lang='lat' dir='ltr'>venit</span> <span class='ocrx_word' id='word_1_169' title='bbox 1933 2178 2062 2257; x_wconf 86' lang='lat' dir='ltr'>jam</span> <span class='ocrx_word' id='word_1_170' title='bbox 2115 2185 2502 2256; x_wconf 85' lang='lat' dir='ltr'>occupatam.</span> 
     </span>
     <span class='ocr_line' id='line_1_21' title="bbox 372 2272 2508 2354; baseline 0.002 -24"><span class='ocrx_word' id='word_1_171' title='bbox 372 2285 436 2330; x_wconf 82' lang='lat'>20</span> <span class='ocrx_word' id='word_1_172' title='bbox 461 2272 624 2332; x_wconf 91' lang='lat' dir='ltr'>Hinc</span> <span class='ocrx_word' id='word_1_173' title='bbox 649 2273 715 2330; x_wconf 92' lang='lat' dir='ltr'>in</span> <span class='ocrx_word' id='word_1_174' title='bbox 742 2272 1058 2351; x_wconf 87' lang='lat' dir='ltr'>Ligarium</span> <span class='ocrx_word' id='word_1_175' title='bbox 1084 2273 1315 2333; x_wconf 91' lang='lat' dir='ltr'>crimen</span> <span class='ocrx_word' id='word_1_176' title='bbox 1344 2275 1538 2334; x_wconf 91' lang='lat' dir='ltr'>oritur</span> <span class='ocrx_word' id='word_1_177' title='bbox 1564 2274 1663 2335; x_wconf 84' lang='lat' dir='ltr'>vel</span> <span class='ocrx_word' id='word_1_178' title='bbox 1689 2275 1779 2334; x_wconf 88' lang='lat' dir='ltr'>ira</span> <span class='ocrx_word' id='word_1_179' title='bbox 1805 2275 2034 2354; x_wconf 89' lang='lat' dir='ltr'>potius.</span> <span class='ocrx_word' id='word_1_180' title='bbox 2122 2275 2286 2335; x_wconf 86' lang='lat' dir='ltr'>Nam</span> <span class='ocrx_word' id='word_1_181' title='bbox 2316 2276 2369 2334; x_wconf 90' lang='lat' dir='ltr'>si</span> <span class='ocrx_word' id='word_1_182' title='bbox 2396 2277 2508 2335; x_wconf 88' lang='lat' dir='ltr'>cri-</span> 
     </span>
     <span class='ocr_line' id='line_1_22' title="bbox 459 2368 2506 2450; baseline 0.002 -24"><span class='ocrx_word' id='word_1_183' title='bbox 459 2389 601 2429; x_wconf 91' lang='lat' dir='ltr'>men</span> <span class='ocrx_word' id='word_1_184' title='bbox 648 2375 748 2428; x_wconf 90' lang='lat' dir='ltr'>est</span> <span class='ocrx_word' id='word_1_185' title='bbox 787 2368 1080 2447; x_wconf 88' lang='lat' dir='ltr'>voluisse,</span> <span class='ocrx_word' id='word_1_186' title='bbox 1125 2390 1248 2429; x_wconf 92' lang='lat' dir='ltr'>non</span> <span class='ocrx_word' id='word_1_187' title='bbox 1297 2372 1504 2430; x_wconf 90' lang='lat' dir='ltr'>minus</span> <span class='ocrx_word' id='word_1_188' title='bbox 1550 2392 1844 2450; x_wconf 88' lang='lat' dir='ltr'>magnum</span> <span class='ocrx_word' id='word_1_189' title='bbox 1894 2379 2013 2448; x_wconf 89' lang='lat' dir='ltr'>est,</span> <span class='ocrx_word' id='word_1_190' title='bbox 2055 2391 2165 2433; x_wconf 87' lang='lat' dir='ltr'>vos</span> <span class='ocrx_word' id='word_1_191' title='bbox 2206 2370 2506 2449; x_wconf 85' lang='lat' dir='ltr'>Africam,</span> 
     </span>
     <span class='ocr_line' id='line_1_23' title="bbox 460 2466 2508 2545; baseline 0.001 -19"><span class='ocrx_word' id='word_1_192' title='bbox 460 2486 660 2526; x_wconf 88' lang='lat' dir='ltr'>arcem</span> <span class='ocrx_word' id='word_1_193' title='bbox 689 2466 959 2524; x_wconf 90' lang='lat' dir='ltr'>omnium</span> <span class='ocrx_word' id='word_1_194' title='bbox 999 2468 1470 2545; x_wconf 87' lang='lat' dir='ltr'>provinciarum,</span> <span class='ocrx_word' id='word_1_195' title='bbox 1498 2478 1706 2528; x_wconf 89' lang='lat' dir='ltr'>natam</span> <span class='ocrx_word' id='word_1_196' title='bbox 1734 2470 1816 2528; x_wconf 91' lang='lat' dir='ltr'>ad</span> <span class='ocrx_word' id='word_1_197' title='bbox 1844 2468 2075 2529; x_wconf 85' lang='lat' dir='ltr'>bellum</span> <span class='ocrx_word' id='word_1_198' title='bbox 2103 2476 2318 2529; x_wconf 89' lang='lat' dir='ltr'>contra</span> <span class='ocrx_word' id='word_1_199' title='bbox 2347 2469 2508 2529; x_wconf 89' lang='lat' dir='ltr'>hanc</span> 
     </span>
     <span class='ocr_line' id='line_1_24' title="bbox 460 2564 2507 2644; baseline 0.001 -22"><span class='ocrx_word' id='word_1_200' title='bbox 460 2564 676 2624; x_wconf 92' lang='lat' dir='ltr'>urbem</span> <span class='ocrx_word' id='word_1_201' title='bbox 715 2564 1074 2642; x_wconf 87' lang='lat' dir='ltr'>gerendum,</span> <span class='ocrx_word' id='word_1_202' title='bbox 1102 2564 1380 2624; x_wconf 89' lang='lat' dir='ltr'>obtinere</span> <span class='ocrx_word' id='word_1_203' title='bbox 1412 2565 1680 2626; x_wconf 89' lang='lat' dir='ltr'>voluisse</span> <span class='ocrx_word' id='word_1_204' title='bbox 1709 2585 1895 2644; x_wconf 88' lang='lat' dir='ltr'>quam</span> <span class='ocrx_word' id='word_1_205' title='bbox 1926 2566 2191 2644; x_wconf 90' lang='lat' dir='ltr'>aliquem</span> <span class='ocrx_word' id='word_1_206' title='bbox 2221 2586 2287 2625; x_wconf 91' lang='lat' dir='ltr'>se</span> <span class='ocrx_word' id='word_1_207' title='bbox 2317 2565 2507 2625; x_wconf 91' lang='lat' dir='ltr'>malu-</span> 
     </span>
     <span class='ocr_line' id='line_1_25' title="bbox 460 2659 2505 2743; baseline 0.001 -23"><span class='ocrx_word' id='word_1_208' title='bbox 460 2663 599 2724; x_wconf 88' lang='lat' dir='ltr'>isse.</span> <span class='ocrx_word' id='word_1_209' title='bbox 684 2659 897 2740; x_wconf 90' lang='lat' dir='ltr'>Atque</span> <span class='ocrx_word' id='word_1_210' title='bbox 941 2662 995 2721; x_wconf 94' lang='lat' dir='ltr'>is</span> <span class='ocrx_word' id='word_1_211' title='bbox 1044 2668 1254 2722; x_wconf 88' lang='lat' dir='ltr'>tamen</span> <span class='ocrx_word' id='word_1_212' title='bbox 1303 2661 1525 2740; x_wconf 91' lang='lat' dir='ltr'>aliquis</span> <span class='ocrx_word' id='word_1_213' title='bbox 1570 2663 1859 2743; x_wconf 87' lang='lat' dir='ltr'>Ligarius</span> <span class='ocrx_word' id='word_1_214' title='bbox 1907 2683 2032 2722; x_wconf 90' lang='lat' dir='ltr'>non</span> <span class='ocrx_word' id='word_1_215' title='bbox 2074 2663 2210 2723; x_wconf 90' lang='lat' dir='ltr'>fuit.</span> <span class='ocrx_word' id='word_1_216' title='bbox 2295 2661 2505 2722; x_wconf 86' lang='lat' dir='ltr'>Varus</span> 
     </span>
     <span class='ocr_line' id='line_1_26' title="bbox 372 2758 2506 2838; baseline 0.001 -22"><span class='ocrx_word' id='word_1_217' title='bbox 372 2771 433 2817; x_wconf 84' lang='lat'>25</span> <span class='ocrx_word' id='word_1_218' title='bbox 459 2759 786 2838; x_wconf 90' lang='lat' dir='ltr'>imperium</span> <span class='ocrx_word' id='word_1_219' title='bbox 832 2779 901 2818; x_wconf 91' lang='lat' dir='ltr'>se</span> <span class='ocrx_word' id='word_1_220' title='bbox 945 2758 1171 2819; x_wconf 90' lang='lat' dir='ltr'>habere</span> <span class='ocrx_word' id='word_1_221' title='bbox 1215 2759 1502 2836; x_wconf 84' lang='lat' dir='ltr'>dicebat3</span> <span class='ocrx_word' id='word_1_222' title='bbox 1552 2761 1751 2819; x_wconf 86' lang='lat' dir='ltr'>fasces</span> <span class='ocrx_word' id='word_1_223' title='bbox 1796 2767 1962 2821; x_wconf 90' lang='lat' dir='ltr'>certe</span> <span class='ocrx_word' id='word_1_224' title='bbox 2002 2760 2289 2820; x_wconf 86' lang='lat' dir='ltr'>habebat.</span> <span class='ocrx_word' id='word_1_225' title='bbox 2377 2759 2506 2820; x_wconf 84' lang='lat' dir='ltr'>Sed</span> 
     </span>
     <span class='ocr_line' id='line_1_27' title="bbox 459 2856 2506 2936; baseline 0.002 -22"><span class='ocrx_word' id='word_1_226' title='bbox 459 2876 706 2934; x_wconf 89' lang='lat' dir='ltr'>quoquo</span> <span class='ocrx_word' id='word_1_227' title='bbox 727 2856 909 2915; x_wconf 90' lang='lat' dir='ltr'>modo</span> <span class='ocrx_word' id='word_1_228' title='bbox 935 2856 1087 2914; x_wconf 89' lang='lat' dir='ltr'>illud</span> <span class='ocrx_word' id='word_1_229' title='bbox 1116 2876 1183 2916; x_wconf 92' lang='lat' dir='ltr'>se</span> <span class='ocrx_word' id='word_1_230' title='bbox 1210 2856 1419 2935; x_wconf 90' lang='lat' dir='ltr'>habet,</span> <span class='ocrx_word' id='word_1_231' title='bbox 1440 2857 1593 2918; x_wconf 90' lang='lat' dir='ltr'>haec</span> <span class='ocrx_word' id='word_1_232' title='bbox 1614 2858 1863 2936; x_wconf 89' lang='lat' dir='ltr'>querela</span> <span class='ocrx_word' id='word_1_233' title='bbox 1884 2865 2090 2918; x_wconf 87' lang='lat' dir='ltr'>vestra</span> <span class='ocrx_word' id='word_1_234' title='bbox 2111 2858 2263 2935; x_wconf 91' lang='lat' dir='ltr'>quid</span> <span class='ocrx_word' id='word_1_235' title='bbox 2282 2857 2456 2917; x_wconf 88' lang='lat' dir='ltr'>valet</span> <span class='ocrx_word' id='word_1_236' title='bbox 2475 2860 2506 2918; x_wconf 69' lang='grc' dir='ltr'>*Ρ</span> 
     </span>
     <span class='ocr_line' id='line_1_28' title="bbox 460 2952 2506 3030; baseline 0.002 -20"><span class='ocrx_word' id='word_1_237' title='bbox 460 2954 498 2983; x_wconf 92' lang='lat'>“</span> <span class='ocrx_word' id='word_1_238' title='bbox 520 2953 783 3028; x_wconf 86' lang='lat' dir='ltr'>Recepti</span> <span class='ocrx_word' id='word_1_239' title='bbox 830 2952 894 3009; x_wconf 92' lang='lat' dir='ltr'>in</span> <span class='ocrx_word' id='word_1_240' title='bbox 942 2953 1321 3030; x_wconf 88' lang='lat' dir='ltr'>provinciam</span> <span class='ocrx_word' id='word_1_241' title='bbox 1371 2976 1497 3015; x_wconf 90' lang='lat' dir='ltr'>non</span> <span class='ocrx_word' id='word_1_242' title='bbox 1545 2953 1814 3014; x_wconf 82' lang='lat' dir='ltr'>sumuS.”</span> <span class='ocrx_word' id='word_1_243' title='bbox 1897 2953 2085 3029; x_wconf 83' lang='lat' dir='ltr'>Quid,</span> <span class='ocrx_word' id='word_1_244' title='bbox 2130 2955 2181 3012; x_wconf 88' lang='lat' dir='ltr'>si</span> <span class='ocrx_word' id='word_1_245' title='bbox 2225 2955 2452 3015; x_wconf 90' lang='lat' dir='ltr'>essetis</span> <span class='ocrx_word' id='word_1_246' title='bbox 2474 2957 2506 3014; x_wconf 80' lang='lat'>⁴?</span> 
     </span>
     <span class='ocr_line' id='line_1_29' title="bbox 459 3048 2506 3112; baseline 0.001 -4"><span class='ocrx_word' id='word_1_247' title='bbox 459 3048 789 3108; x_wconf 84' lang='lat' dir='ltr'>Caesarine</span> <span class='ocrx_word' id='word_1_248' title='bbox 834 3068 970 3107; x_wconf 88' lang='lat' dir='ltr'>eam</span> <span class='ocrx_word' id='word_1_249' title='bbox 1010 3049 1297 3109; x_wconf 87' lang='lat' dir='ltr'>tradituri</span> <span class='ocrx_word' id='word_1_250' title='bbox 1326 3053 1537 3112; x_wconf 84' lang='lat' dir='ltr'>fuistis</span> <span class='ocrx_word' id='word_1_251' title='bbox 1580 3073 1659 3110; x_wconf 89' lang='lat' dir='ltr'>an</span> <span class='ocrx_word' id='word_1_252' title='bbox 1688 3057 1903 3111; x_wconf 88' lang='lat' dir='ltr'>contra</span> <span class='ocrx_word' id='word_1_253' title='bbox 1931 3050 2257 3110; x_wconf 83' lang='lat' dir='ltr'>Caesarem</span> <span class='ocrx_word' id='word_1_254' title='bbox 2301 3058 2506 3110; x_wconf 89' lang='lat' dir='ltr'>reten-</span> 
     </span>
     <span class='ocr_line' id='line_1_30' title="bbox 457 3146 632 3205; baseline 0 -1"><span class='ocrx_word' id='word_1_255' title='bbox 457 3147 581 3205; x_wconf 91' lang='lat' dir='ltr'>turi</span> <span class='ocrx_word' id='word_1_256' title='bbox 602 3146 632 3205; x_wconf 70' lang='grc' dir='ltr'>’Β</span> 
     </span>
     <span class='ocr_line' id='line_1_31' title="bbox 370 3241 2504 3323; baseline 0 -20"><span class='ocrx_word' id='word_1_257' title='bbox 370 3256 434 3303; x_wconf 82' lang='grc'>30</span> <span class='ocrx_word' id='word_1_258' title='bbox 580 3241 759 3302; x_wconf 88' lang='lat' dir='ltr'><strong>VIII.</strong></span> <span class='ocrx_word' id='word_1_259' title='bbox 803 3241 990 3320; x_wconf 88' lang='lat' dir='ltr'>Vide,</span> <span class='ocrx_word' id='word_1_260' title='bbox 1019 3243 1174 3323; x_wconf 90' lang='lat' dir='ltr'>quid</span> <span class='ocrx_word' id='word_1_261' title='bbox 1209 3245 1520 3322; x_wconf 89' lang='lat' dir='ltr'>licentiae,</span> <span class='ocrx_word' id='word_1_262' title='bbox 1550 3245 1794 3322; x_wconf 83' lang='lat' dir='ltr'>Caesar,</span> <span class='ocrx_word' id='word_1_263' title='bbox 1821 3245 1999 3315; x_wconf 89' lang='lat' dir='ltr'>nobis</span> <span class='ocrx_word' id='word_1_264' title='bbox 2024 3251 2132 3303; x_wconf 85' lang='lat' dir='ltr'>tua</span> <span class='ocrx_word' id='word_1_265' title='bbox 2159 3244 2504 3304; x_wconf 88' lang='lat' dir='ltr'>liberalitas</span> 
     </span>
     <span class='ocr_line' id='line_1_32' title="bbox 459 3339 2503 3421; baseline -0 -20"><span class='ocrx_word' id='word_1_266' title='bbox 459 3342 568 3401; x_wconf 91' lang='lat' dir='ltr'>det</span> <span class='ocrx_word' id='word_1_267' title='bbox 594 3339 697 3401; x_wconf 83' lang='lat' dir='ltr'>vel</span> <span class='ocrx_word' id='word_1_268' title='bbox 733 3341 943 3418; x_wconf 85' lang='lat' dir='ltr'>potius</span> <span class='ocrx_word' id='word_1_269' title='bbox 988 3343 1299 3404; x_wconf 86' lang='lat' dir='ltr'>audaciae.</span> <span class='ocrx_word' id='word_1_270' title='bbox 1387 3343 1453 3402; x_wconf 83' lang='lat' dir='ltr'>Si</span> <span class='ocrx_word' id='word_1_271' title='bbox 1490 3343 1871 3421; x_wconf 88' lang='lat' dir='ltr'>responderit</span> <span class='ocrx_word' id='word_1_272' title='bbox 1909 3341 2171 3419; x_wconf 88' lang='lat' dir='ltr'>Tubero,</span> <span class='ocrx_word' id='word_1_273' title='bbox 2200 3340 2503 3417; x_wconf 89' lang='lat' dir='ltr'>Africam,</span> 
     </span>
     <span class='ocr_line' id='line_1_33' title="bbox 458 3439 2505 3517; baseline 0.001 -20"><span class='ocrx_word' id='word_1_274' title='bbox 458 3458 578 3517; x_wconf 93' lang='lat' dir='ltr'>quo</span> <span class='ocrx_word' id='word_1_275' title='bbox 607 3444 857 3497; x_wconf 90' lang='lat' dir='ltr'>senatus</span> <span class='ocrx_word' id='word_1_276' title='bbox 886 3459 1025 3499; x_wconf 89' lang='lat' dir='ltr'>eum</span> <span class='ocrx_word' id='word_1_277' title='bbox 1069 3459 1322 3517; x_wconf 89' lang='lat' dir='ltr'>sorsque</span> <span class='ocrx_word' id='word_1_278' title='bbox 1365 3440 1637 3516; x_wconf 88' lang='lat' dir='ltr'>miserat,</span> <span class='ocrx_word' id='word_1_279' title='bbox 1664 3439 1785 3498; x_wconf 90' lang='lat' dir='ltr'>tibi</span> <span class='ocrx_word' id='word_1_280' title='bbox 1825 3445 2066 3517; x_wconf 88' lang='lat' dir='ltr'>patrem</span> <span class='ocrx_word' id='word_1_281' title='bbox 2109 3459 2287 3497; x_wconf 88' lang='lat' dir='ltr'>suum</span> <span class='ocrx_word' id='word_1_282' title='bbox 2315 3441 2505 3499; x_wconf 88' lang='lat' dir='ltr'>tradi-</span> 
     </span>
     <span class='ocr_line' id='line_1_34' title="bbox 456 3535 2504 3615; baseline 0.001 -21"><span class='ocrx_word' id='word_1_283' title='bbox 456 3544 663 3594; x_wconf 89' lang='lat' dir='ltr'>turum</span> <span class='ocrx_word' id='word_1_284' title='bbox 705 3535 920 3611; x_wconf 85' lang='lat' dir='ltr'>fuisse,</span> <span class='ocrx_word' id='word_1_285' title='bbox 955 3556 1079 3595; x_wconf 90' lang='lat' dir='ltr'>non</span> <span class='ocrx_word' id='word_1_286' title='bbox 1123 3536 1421 3595; x_wconf 88' lang='lat' dir='ltr'>dubitabo</span> <span class='ocrx_word' id='word_1_287' title='bbox 1464 3538 1629 3614; x_wconf 90' lang='lat' dir='ltr'>apud</span> <span class='ocrx_word' id='word_1_288' title='bbox 1673 3537 1876 3614; x_wconf 89' lang='lat' dir='ltr'>ipsum</span> <span class='ocrx_word' id='word_1_289' title='bbox 1919 3544 2004 3611; x_wconf 89' lang='lat' dir='ltr'>te,</span> <span class='ocrx_word' id='word_1_290' title='bbox 2034 3536 2207 3615; x_wconf 89' lang='lat' dir='ltr'>cujus</span> <span class='ocrx_word' id='word_1_291' title='bbox 2247 3535 2315 3595; x_wconf 91' lang='lat' dir='ltr'>id</span> <span class='ocrx_word' id='word_1_292' title='bbox 2357 3557 2504 3613; x_wconf 86' lang='lat' dir='ltr'>eum</span> 
     </span>
     <span class='ocr_line' id='line_1_35' title="bbox 457 3616 2505 3711; baseline 0 -21"><span class='ocrx_word' id='word_1_293' title='bbox 457 3633 658 3692; x_wconf 89' lang='lat' dir='ltr'>facere</span> <span class='ocrx_word' id='word_1_294' title='bbox 687 3632 992 3709; x_wconf 89' lang='lat' dir='ltr'>interfuit,</span> <span class='ocrx_word' id='word_1_295' title='bbox 1020 3632 1404 3711; x_wconf 85' lang='lat' dir='ltr'>gravissimis</span> <span class='ocrx_word' id='word_1_296' title='bbox 1430 3633 1635 3692; x_wconf 85' lang='lat' dir='ltr'>verbis</span> <span class='ocrx_word' id='word_1_297' title='bbox 1669 3632 1804 3711; x_wconf 86' lang='lat' dir='ltr'>ejus</span> <span class='ocrx_word' id='word_1_298' title='bbox 1832 3631 2150 3692; x_wconf 89' lang='lat' dir='ltr'>consilium</span> <span class='ocrx_word' id='word_1_299' title='bbox 2176 3616 2505 3709; x_wconf 86' lang='lat' dir='ltr'>reprehen—</span> 
     </span>
     <span class='ocr_line' id='line_1_36' title="bbox 369 3727 2504 3806; baseline 0.001 -21"><span class='ocrx_word' id='word_1_300' title='bbox 369 3740 432 3786; x_wconf 78' lang='grc'>35</span> <span class='ocrx_word' id='word_1_301' title='bbox 459 3728 619 3788; x_wconf 89' lang='lat' dir='ltr'>dere.</span> <span class='ocrx_word' id='word_1_302' title='bbox 703 3727 770 3789; x_wconf 90' lang='grc' dir='ltr'>Ν</span> <span class='ocrx_word' id='word_1_303' title='bbox 769 3748 849 3787; x_wconf 92' lang='lat' dir='ltr'>on</span> <span class='ocrx_word' id='word_1_304' title='bbox 894 3729 1076 3802; x_wconf 91' lang='lat' dir='ltr'>enim,</span> <span class='ocrx_word' id='word_1_305' title='bbox 1107 3729 1161 3788; x_wconf 89' lang='lat' dir='ltr'>si</span> <span class='ocrx_word' id='word_1_306' title='bbox 1189 3728 1311 3787; x_wconf 90' lang='lat' dir='ltr'>tibi</span> <span class='ocrx_word' id='word_1_307' title='bbox 1357 3748 1431 3786; x_wconf 90' lang='lat' dir='ltr'>ea</span> <span class='ocrx_word' id='word_1_308' title='bbox 1466 3746 1564 3786; x_wconf 91' lang='lat' dir='ltr'>res</span> <span class='ocrx_word' id='word_1_309' title='bbox 1606 3735 1789 3806; x_wconf 86' lang='lat' dir='ltr'>grata</span> <span class='ocrx_word' id='word_1_310' title='bbox 1827 3729 2069 3805; x_wconf 86' lang='lat' dir='ltr'>fuisset,</span> <span class='ocrx_word' id='word_1_311' title='bbox 2098 3734 2266 3788; x_wconf 85' lang='lat' dir='ltr'>esset</span> <span class='ocrx_word' id='word_1_312' title='bbox 2308 3729 2504 3789; x_wconf 85' lang='lat' dir='ltr'>etiam</span> 
     </span>
     <span class='ocr_line' id='line_1_37' title="bbox 459 3822 2500 3900; baseline 0.003 -22"><span class='ocrx_word' id='word_1_313' title='bbox 459 3823 729 3897; x_wconf 88' lang='lat' dir='ltr'>probata.</span> <span class='ocrx_word' id='word_1_314' title='bbox 760 3840 763 3841; x_wconf 46' lang='lat'><em>⁷</em></span> <span class='ocrx_word' id='word_1_315' title='bbox 817 3822 941 3881; x_wconf 84' lang='lat' dir='ltr'>Sed</span> <span class='ocrx_word' id='word_1_316' title='bbox 976 3824 1100 3900; x_wconf 88' lang='lat' dir='ltr'>jam</span> <span class='ocrx_word' id='word_1_317' title='bbox 1128 3823 1247 3881; x_wconf 90' lang='lat' dir='ltr'>hoc</span> <span class='ocrx_word' id='word_1_318' title='bbox 1275 3828 1474 3880; x_wconf 89' lang='lat' dir='ltr'>totum</span> <span class='ocrx_word' id='word_1_319' title='bbox 1504 3824 1744 3898; x_wconf 88' lang='lat' dir='ltr'>omitto,</span> <span class='ocrx_word' id='word_1_320' title='bbox 1771 3845 1895 3883; x_wconf 89' lang='lat' dir='ltr'>non</span> <span class='ocrx_word' id='word_1_321' title='bbox 1923 3831 2054 3883; x_wconf 89' lang='lat' dir='ltr'>tam</span> <span class='ocrx_word' id='word_1_322' title='bbox 2081 3844 2161 3884; x_wconf 91' lang='lat' dir='ltr'>ne</span> <span class='ocrx_word' id='word_1_323' title='bbox 2191 3825 2500 3884; x_wconf 87' lang='lat' dir='ltr'>offendam</span> 
     </span>
    </p>
   </div>
   <div class='ocr_carea' id='block_1_3' title="bbox 300 3992 373 4039">
    <p class='ocr_par' dir='ltr' id='par_1_3' title="bbox 300 3992 373 4039">
     <span class='ocr_line' id='line_1_38' title="bbox 300 3992 373 4039; baseline 0 0"><span class='ocrx_word' id='word_1_324' title='bbox 300 3992 373 4039; x_wconf 51' lang='grc' dir='ltr'>ὶλ</span> 
     </span>
    </p>
   </div>
  </div>
 </body>
</html>
