2725 4299
771 292 898 341 PRO
943 292 1118 341 REGE
1162 291 1497 342 DEIOTARO
1541 290 1800 342 ORATIO.
2242 294 2356 357 113

390 347 412 375 0

201 473 302 515 rex
327 452 680 515 Deiotarus
708 454 942 533 habuit,
965 454 1187 533 quibus
1208 455 1435 516 inferre
1461 454 1695 517 bellum
1721 455 1952 534 populo
1973 455 2255 518 Romano

197 558 422 629 posset,
452 553 571 612 sed
602 553 831 630 quibus
857 553 1012 612 fines
1046 573 1191 613 suos
1220 553 1300 612 ab
1326 552 1795 613 excursionibus
1822 559 1890 613 et
1915 552 2254 614 latrociniis

200 655 471 709 tueretur
498 656 571 709 et
618 650 1097 728 imperatoribus
1138 651 1367 710 nostris
1394 648 1640 735 auxilia,
1669 650 1956 711 mitteret.
2042 648 2253 728 Atque

197 752 372 804 antea
416 746 682 823 quidem
728 746 996 826 majores
1040 747 1253 825 copias
1286 745 1452 806 alere
1495 753 1764 824 poterat,
1790 766 1952 806 nunc
1991 747 2254 826 exiguas

195 843 292 902 vix
318 842 486 901 tueri
525 848 769 921 potest.
856 841 949 901 At
989 844 1161 902 misit
1188 843 1269 902 ad
1298 841 1636 903 Caecilium
1670 844 1880 902 nescio
1907 862 2112 920 quem,
2141 844 2254 904 sed
2280 863 2311 911 5

195 958 314 1015 eOS,
356 958 521 1016 quos
573 941 775 1016 misit,
819 941 987 1019 quod
1034 941 1125 1000 ire
1172 939 1523 1016 noluerunt,
1562 940 1628 997 in
1675 938 1923 1001 vincula
1969 940 2252 1019 conjecit.

196 1035 331 1095 Non
357 1054 629 1114 quaero,
662 1055 847 1114 quam
871 1037 1003 1096 veri
1047 1035 1251 1097 simile
1292 1037 1381 1095 sit
1408 1042 1516 1096 aut
1555 1056 1682 1095 non
1721 1035 2010 1096 habuisse
2046 1056 2258 1114 regem

143 1205 155 1218 ⁸
195 1150 341 1208 quos
367 1132 686 1210 mitteret,
714 1140 826 1192 aut
852 1152 980 1211 eOS,
1008 1153 1163 1211 quos
1191 1133 1489 1209 misisset,
1517 1152 1639 1191 non
1666 1133 1968 1210 paruisse,
1997 1139 2124 1209 aut,
2152 1134 2257 1211 qui

198 1227 356 1287 dicto
382 1230 729 1290 audientes
757 1231 824 1289 in
863 1235 1043 1289 tanta
1069 1250 1135 1290 re
1162 1249 1289 1289 non
1315 1230 1600 1305 fuissent,
1629 1249 1737 1289 eos
1763 1230 2004 1290 vinctos
2044 1231 2255 1308 potius

197 1342 371 1400 quam
415 1331 707 1387 necatos
794 1325 920 1386 Sed
962 1332 1176 1386 tamen
1217 1346 1406 1404 quum
1451 1326 1532 1384 ad
1561 1325 1898 1386 Caecilium
1942 1325 2252 1403 mittebat,
2282 1349 2346 1398 10

200 1427 398 1480 utrum
446 1441 716 1483 causam
761 1422 929 1482 illam
976 1423 1205 1483 victam
1247 1443 1386 1483 esse
1430 1423 1750 1483 nesciebat
1796 1443 1877 1481 an
1921 1421 2256 1484 Caecilium

198 1516 380 1577 istum
423 1539 735 1599 magnum
783 1520 1097 1580 hominem
1139 1520 1408 1598 putabat
1428 1521 1458 1580 ’Β
1498 1539 1682 1597 quem
1722 1520 2000 1597 profecto
2043 1520 2120 1593 is,
2148 1520 2256 1598 qui

204 1615 424 1691 optime
468 1624 731 1676 nostros
774 1616 1053 1677 homines
1097 1617 1291 1693 novit,
1320 1615 1420 1676 vel
1461 1617 1606 1694 quia
1645 1635 1770 1675 non
1810 1621 2042 1691 nosset,
2071 1614 2169 1674 vel
2200 1615 2256 1674 si

202 1718 423 1788 nosset,
457 1719 912 1774 contemneret.
999 1711 1200 1773 Addit
1243 1714 1436 1773 etiam
1481 1713 1653 1789 illud,
1695 1712 1941 1789 equites
1983 1731 2109 1770 non
2150 1731 2258 1788 op-

205 1806 377 1867 timos
418 1810 693 1871 misisse.
779 1810 1001 1887 Cred0‚
1048 1810 1293 1885 Caesar,
1339 1809 1493 1868 nihil
1537 1809 1616 1867 ad
1667 1816 1842 1866 tuum
1887 1808 2253 1885 equitatum,
2282 1831 2343 1880 15

206 1904 307 1963 sed
333 1906 504 1966 misit
534 1929 625 1968 ex
651 1909 752 1984 iis,
782 1928 936 1986 quos
975 1907 1213 1984 habuit,
1243 1905 1496 1967 electos,
1581 1904 1700 1962 Ait
1730 1904 1938 1963 nescio
1965 1923 2149 1982 quem
2177 1924 2257 1964 ex

212 2019 279 2059 eo
300 2022 557 2065 numero
611 2026 855 2066 servum
896 2005 1256 2084 judicatum.
1344 2003 1410 2063 N
1410 2023 1491 2062 on
1533 2001 1815 2076 arbitror,
1844 2021 1963 2060 non
2007 2002 2255 2079 audivi3

212 2099 311 2158 sed
344 2100 410 2159 in
453 2122 553 2180 eo,
587 2104 775 2164 etiam
815 2102 871 2162 si
916 2102 1262 2179 accidisset,
1291 2100 1538 2179 culpam
1580 2098 1745 2179 regis
1789 2096 2020 2158 nullam
2061 2099 2254 2160 fuisse

217 2195 545 2261 arbitrarer.

323 2295 434 2357 IX.
480 2298 719 2358 Alieno
741 2306 950 2360 autem
971 2320 1008 2359 a
1029 2305 1097 2359 te
1118 2298 1324 2357 animo
1345 2316 1470 2375 quo
1490 2297 1675 2356 modo
1696 2297 1815 2355 fuit
1835 2298 1865 2357 ’Β
1948 2296 2252 2375 speravit,
2278 2317 2344 2365 20

220 2393 404 2470 credo,
429 2396 717 2456 difficiles
752 2397 869 2456 tibi
898 2394 1319 2457 Alexandriae
1347 2395 1479 2454 fore
1522 2395 1726 2454 exitus
1765 2401 2021 2472 propter
2057 2394 2256 2473 regio·

219 2507 348 2549 num
390 2502 679 2555 naturam
726 2501 792 2554 et
817 2494 1108 2553 fluminis
1193 2489 1289 2550 At
1329 2513 1408 2554 eo
1447 2499 1728 2573 tempore
1755 2493 1895 2571 ipso
1934 2493 2255 2571 pecuniam

224 2584 400 2666 dedit,
426 2593 773 2653 exercitum
802 2592 980 2668 aluit,
1008 2593 1086 2669 ei,
1114 2612 1298 2670 quem
1326 2588 1523 2651 Asiae
1562 2590 1965 2668 praefeceraS,
1994 2588 2060 2646 in
2086 2586 2255 2646 nulla

224 2700 281 2740 re
299 2685 492 2748 defuit
514 2711 530 2752 ι
563 2690 683 2749 tibi
704 2690 928 2750 victori
951 2709 1076 2748 non
1097 2689 1294 2749 solum
1316 2689 1400 2748 ad
1421 2686 1778 2765 hospitium,
1795 2685 1905 2744 sed
1926 2685 2004 2742 ad
2025 2684 2256 2761 pericu-

224 2775 339 2838 lum
363 2786 553 2844 etiam
584 2793 771 2864 atque
799 2787 880 2845 ad
923 2786 1114 2846 aciem
1155 2791 1406 2864 praesto
1449 2783 1588 2843 fuit.
1675 2781 1967 2841 Secutum
1993 2785 2094 2840 est
2132 2779 2255 2839 bel·
2279 2800 2343 2848 25

226 2871 338 2935 lum
364 2878 765 2958 Africanum:
807 2903 1030 2962 graves
1061 2884 1140 2944 de
1167 2890 1234 2943 te
1276 2900 1572 2957 rumoreS,
1601 2879 1707 2956 qui
1742 2878 1940 2940 etiam,
1959 2877 2254 2937 furiosum

225 2969 382 3034 illum
425 2977 758 3039 Caecilium
801 2981 1243 3040 excitaverunt.
1329 2977 1469 3052 Quo
1515 2983 1647 3036 tum
1685 2995 1795 3035 rex
1838 2975 2044 3035 animo
2082 2975 2206 3034 fuit
2225 2977 2255 3036 ‘2’

231 3071 322 3143 qui
345 3078 737 3136 auctionatus
766 3078 848 3136 sit
876 3096 1137 3154 seseque
1178 3074 1444 3154 spoliare
1474 3073 1757 3134 maluerit
1783 3092 1967 3150 quam
1998 3072 2114 3132 tibi
2154 3093 2257 3151 pe·

231 3169 449 3231 cuniam
500 3194 626 3232 non
674 3174 1157 3233 subministrare.
1244 3171 1339 3230 At
1388 3191 1483 3247 e0,
1528 3171 1748 3248 inquit,
1792 3176 2070 3248 tempore
2118 3170 2255 3248 ipso

234 3258 509 3328 Nicaeam
549 3269 984 3347 Ephesumque
1024 3268 1337 3343 mittebat,
1366 3268 1473 3345 qui
1500 3287 1770 3327 rumores
1797 3264 2126 3326 Africanos
2154 3287 2255 3325 ex·
2279 3284 2344 3332 30

234 3358 495 3435 ciperent
523 3372 590 3425 et
616 3365 893 3426 celeriter
931 3366 1012 3425 ad
1040 3386 1107 3426 se
1134 3366 1451 3425 referrent.
1536 3364 1756 3442 Itaque
1786 3383 1973 3441 quum
2002 3368 2172 3422 esset
2197 3362 2255 3421 ei

239 3460 566 3520 nuntiatum
611 3462 955 3521 Domitium
1001 3461 1324 3541 naufragio
1368 3462 1622 3540 perisse,
1651 3468 1716 3520 te
1761 3461 1824 3518 in
1852 3457 2105 3519 castello
2147 3457 2257 3514 cir-

239 3559 578 3634 cumsederi‚
607 3559 684 3618 de
729 3559 1008 3618 Domitio
1048 3558 1208 3616 dixit
1236 3538 1475 3618 versum
1518 3556 1822 3617 Graecum
1867 3554 2084 3613 eadem
2125 3571 2256 3610 sen-

242 3648 438 3729 tentia,
465 3673 587 3732 qua
613 3675 727 3713 nos
754 3655 1052 3715 habemus
1081 3654 1368 3713 Latinum
1395 3675 1409 3714 ε

581 3762 611 3788 “
628 3762 842 3814 Pereant
863 3764 1026 3825 amici,
1053 3765 1171 3812 dum
1196 3763 1380 3813 inimici
1402 3778 1502 3811 una
1524 3759 1853 3811 intercidant:
1874 3755 1904 3778 ”
2281 3766 2344 3812 35

223 3849 387 3927 ⁸quod
422 3859 545 3937 ille,
574 3862 627 3921 si
654 3869 824 3922 esset
850 3863 968 3922 tibi
994 3862 1466 3935 inimicissimus,
1494 3874 1803 3934 nunquam
1833 3858 2041 3909 tamen
2071 3851 2259 3911 dixis-
