<?xml version="1.0" encoding="UTF-8"?>
<!DOCTYPE html PUBLIC "-//W3C//DTD XHTML 1.0 Transitional//EN"
    "http://www.w3.org/TR/xhtml1/DTD/xhtml1-transitional.dtd">
<html xmlns="http://www.w3.org/1999/xhtml" xml:lang="en" lang="en">
 <head>
  <title>
</title>
<meta http-equiv="Content-Type" content="text/html;charset=utf-8" />
  <meta name='ocr-system' content='tesseract 3.04.00' />
  <meta name='ocr-capabilities' content='ocr_page ocr_carea ocr_par ocr_line ocrx_word'/>
</head>
<body>
  <div class='ocr_page' id='page_1' title='image "./selectorationsm02harkgoog_0033.png"; bbox 0 0 2725 4299; ppageno 0'>
   <div class='ocr_carea' id='block_1_1' title="bbox 732 294 2324 361">
    <p class='ocr_par' dir='ltr' id='par_1_1' title="bbox 732 294 2324 361">
     <span class='ocr_line' id='line_1_1' title="bbox 732 294 2324 361; baseline 0 -13"><span class='ocrx_word' id='word_1_1' title='bbox 732 298 806 348; x_wconf 79' lang='lat' dir='ltr'><strong>m</strong></span> <span class='ocrx_word' id='word_1_2' title='bbox 849 294 1217 351; x_wconf 72' lang='lat' dir='ltr'>CATILINAM</span> <span class='ocrx_word' id='word_1_3' title='bbox 1261 297 1506 348; x_wconf 68' lang='lat' dir='ltr'><strong>omno</strong></span> <span class='ocrx_word' id='word_1_4' title='bbox 1549 298 1777 348; x_wconf 70' lang='lat' dir='ltr'><strong>rann.</strong></span> <span class='ocrx_word' id='word_1_5' title='bbox 2248 300 2324 361; x_wconf 92' lang='lat'><strong>11</strong></span> 
     </span>
    </p>
   </div>
   <div class='ocr_carea' id='block_1_2' title="bbox 112 458 2313 3918">
    <p class='ocr_par' dir='ltr' id='par_1_2' title="bbox 178 458 2274 1116">
     <span class='ocr_line' id='line_1_2' title="bbox 179 458 2223 539; baseline -0.002 -17"><span class='ocrx_word' id='word_1_6' title='bbox 179 473 490 523; x_wconf 86' lang='lat' dir='ltr'><strong>summum</strong></span> <span class='ocrx_word' id='word_1_7' title='bbox 532 460 855 539; x_wconf 90' lang='lat' dir='ltr'><strong>imperium</strong></span> <span class='ocrx_word' id='word_1_8' title='bbox 894 478 1009 538; x_wconf 90' lang='lat' dir='ltr'><strong>per</strong></span> <span class='ocrx_word' id='word_1_9' title='bbox 1032 477 1244 519; x_wconf 89' lang='lat' dir='ltr'><strong>omnes</strong></span> <span class='ocrx_word' id='word_1_10' title='bbox 1284 458 1587 518; x_wconf 89' lang='lat' dir='ltr'><strong>honorum</strong></span> <span class='ocrx_word' id='word_1_11' title='bbox 1625 459 1855 538; x_wconf 84' lang='lat' dir='ltr'><strong>gradus</strong></span> <span class='ocrx_word' id='word_1_12' title='bbox 1896 458 2140 537; x_wconf 86' lang='lat' dir='ltr'><strong>extulit,</strong></span> <span class='ocrx_word' id='word_1_13' title='bbox 2168 460 2223 519; x_wconf 91' lang='lat' dir='ltr'><strong>si</strong></span> 
     </span>
     <span class='ocr_line' id='line_1_3' title="bbox 179 553 2220 638; baseline -0.001 -20"><span class='ocrx_word' id='word_1_14' title='bbox 179 564 439 638; x_wconf 88' lang='lat' dir='ltr'><strong>propter</strong></span> <span class='ocrx_word' id='word_1_15' title='bbox 491 557 788 617; x_wconf 88' lang='lat' dir='ltr'><strong>invidiam</strong></span> <span class='ocrx_word' id='word_1_16' title='bbox 849 562 956 614; x_wconf 86' lang='lat' dir='ltr'><strong>aut</strong></span> <span class='ocrx_word' id='word_1_17' title='bbox 1012 553 1272 634; x_wconf 83' lang='lat' dir='ltr'><strong>alicujus</strong></span> <span class='ocrx_word' id='word_1_18' title='bbox 1334 554 1592 634; x_wconf 91' lang='lat' dir='ltr'><strong>periculi</strong></span> <span class='ocrx_word' id='word_1_19' title='bbox 1655 561 1892 616; x_wconf 90' lang='lat' dir='ltr'><strong>metum</strong></span> <span class='ocrx_word' id='word_1_20' title='bbox 1955 555 2220 616; x_wconf 89' lang='lat' dir='ltr'><strong>salutem</strong></span> 
     </span>
     <span class='ocr_line' id='line_1_4' title="bbox 181 650 2220 730; baseline -0.002 -15"><span class='ocrx_word' id='word_1_21' title='bbox 181 655 411 715; x_wconf 86' lang='lat' dir='ltr'><strong>civium</strong></span> <span class='ocrx_word' id='word_1_22' title='bbox 451 659 699 712; x_wconf 90' lang='lat' dir='ltr'><strong>tuorum</strong></span> <span class='ocrx_word' id='word_1_23' title='bbox 737 651 1028 730; x_wconf 84' lang='lat' dir='ltr'><strong>negligis.</strong></span> <span class='ocrx_word' id='word_1_24' title='bbox 1115 650 1239 711; x_wconf 87' lang='lat' dir='ltr'><strong>Sed</strong></span> <span class='ocrx_word' id='word_1_25' title='bbox 1281 651 1336 710; x_wconf 89' lang='lat' dir='ltr'><strong>si</strong></span> <span class='ocrx_word' id='word_1_26' title='bbox 1370 652 1506 729; x_wconf 89' lang='lat' dir='ltr'><strong>quis</strong></span> <span class='ocrx_word' id='word_1_27' title='bbox 1548 657 1648 711; x_wconf 90' lang='lat' dir='ltr'><strong>est</strong></span> <span class='ocrx_word' id='word_1_28' title='bbox 1686 652 1956 712; x_wconf 86' lang='lat' dir='ltr'><strong>invidiae</strong></span> <span class='ocrx_word' id='word_1_29' title='bbox 1999 658 2220 725; x_wconf 80' lang='lat' dir='ltr'><strong>metus,</strong></span> 
     </span>
     <span class='ocr_line' id='line_1_5' title="bbox 178 747 2221 810; baseline -0.001 -1"><span class='ocrx_word' id='word_1_30' title='bbox 178 771 328 809; x_wconf 88' lang='lat' dir='ltr'><strong>num</strong></span> <span class='ocrx_word' id='word_1_31' title='bbox 384 755 485 810; x_wconf 88' lang='lat' dir='ltr'><strong>est</strong></span> <span class='ocrx_word' id='word_1_32' title='bbox 536 748 968 810; x_wconf 86' lang='lat' dir='ltr'><strong>vehementius</strong></span> <span class='ocrx_word' id='word_1_33' title='bbox 1022 747 1376 809; x_wconf 85' lang='lat' dir='ltr'><strong>severitatis</strong></span> <span class='ocrx_word' id='word_1_34' title='bbox 1433 767 1505 807; x_wconf 86' lang='lat' dir='ltr'><strong>ac</strong></span> <span class='ocrx_word' id='word_1_35' title='bbox 1555 748 1932 808; x_wconf 86' lang='lat' dir='ltr'><strong>fortitudinis</strong></span> <span class='ocrx_word' id='word_1_36' title='bbox 1987 748 2221 809; x_wconf 91' lang='lat' dir='ltr'><strong>invidia</strong></span> 
     </span>
     <span class='ocr_line' id='line_1_6' title="bbox 182 842 2274 924; baseline 0 -20"><span class='ocrx_word' id='word_1_37' title='bbox 182 865 370 924; x_wconf 87' lang='lat' dir='ltr'><strong>quam</strong></span> <span class='ocrx_word' id='word_1_38' title='bbox 422 842 684 905; x_wconf 89' lang='lat' dir='ltr'><strong>inertiae</strong></span> <span class='ocrx_word' id='word_1_39' title='bbox 737 865 811 904; x_wconf 92' lang='lat' dir='ltr'><strong>ac</strong></span> <span class='ocrx_word' id='word_1_40' title='bbox 860 843 1174 922; x_wconf 82' lang='lat' dir='ltr'><strong>nequitiae</strong></span> <span class='ocrx_word' id='word_1_41' title='bbox 1228 844 1717 922; x_wconf 89' lang='lat' dir='ltr'><strong>pertimescenda</strong></span> <span class='ocrx_word' id='word_1_42' title='bbox 1732 845 1763 905; x_wconf 69' lang='grc' dir='ltr'><em>ἲ</em></span> <span class='ocrx_word' id='word_1_43' title='bbox 1869 843 1975 904; x_wconf 91' lang='lat' dir='ltr'><strong>An</strong></span> <span class='ocrx_word' id='word_1_44' title='bbox 2028 864 2217 923; x_wconf 92' lang='lat' dir='ltr'><strong>quum</strong></span> <span class='ocrx_word' id='word_1_45' title='bbox 2246 860 2274 906; x_wconf 77' lang='lat'><strong>5</strong></span> 
     </span>
     <span class='ocr_line' id='line_1_7' title="bbox 181 939 2221 1020; baseline -0.001 -17"><span class='ocrx_word' id='word_1_46' title='bbox 181 941 349 1003; x_wconf 88' lang='lat' dir='ltr'><strong>bello</strong></span> <span class='ocrx_word' id='word_1_47' title='bbox 390 940 739 1002; x_wconf 77' lang='lat' dir='ltr'><strong>vastabitur</strong></span> <span class='ocrx_word' id='word_1_48' title='bbox 776 939 978 1016; x_wconf 89' lang='lat' dir='ltr'><strong>Italia,</strong></span> <span class='ocrx_word' id='word_1_49' title='bbox 1017 939 1408 1000; x_wconf 86' lang='lat' dir='ltr'><strong>vexabuntur</strong></span> <span class='ocrx_word' id='word_1_50' title='bbox 1443 940 1648 1016; x_wconf 88' lang='lat' dir='ltr'><strong>urbes,</strong></span> <span class='ocrx_word' id='word_1_51' title='bbox 1690 945 1860 1000; x_wconf 88' lang='lat' dir='ltr'><strong>tecta</strong></span> <span class='ocrx_word' id='word_1_52' title='bbox 1897 941 2221 1020; x_wconf 89' lang='lat' dir='ltr'><strong>ardebunt,</strong></span> 
     </span>
     <span class='ocr_line' id='line_1_8' title="bbox 182 1035 2158 1116; baseline 0.001 -18"><span class='ocrx_word' id='word_1_53' title='bbox 182 1045 316 1098; x_wconf 89' lang='lat' dir='ltr'><strong>tum</strong></span> <span class='ocrx_word' id='word_1_54' title='bbox 344 1044 412 1098; x_wconf 90' lang='lat' dir='ltr'><strong>te</strong></span> <span class='ocrx_word' id='word_1_55' title='bbox 438 1058 565 1098; x_wconf 92' lang='lat' dir='ltr'><strong>non</strong></span> <span class='ocrx_word' id='word_1_56' title='bbox 591 1038 906 1098; x_wconf 80' lang='lat' dir='ltr'><strong>existimas</strong></span> <span class='ocrx_word' id='word_1_57' title='bbox 932 1035 1201 1098; x_wconf 85' lang='lat' dir='ltr'><strong>invidiae</strong></span> <span class='ocrx_word' id='word_1_58' title='bbox 1227 1035 1514 1097; x_wconf 90' lang='lat' dir='ltr'><strong>incendio</strong></span> <span class='ocrx_word' id='word_1_59' title='bbox 1542 1036 2056 1116; x_wconf 84' lang='lat' dir='ltr'><strong>conflagratumm</strong></span> <span class='ocrx_word' id='word_1_60' title='bbox 2073 1039 2104 1099; x_wconf 69' lang='grc' dir='ltr'><em>ἲ</em></span> <span class='ocrx_word' id='word_1_61' title='bbox 2120 1036 2158 1068; x_wconf 88' lang='grc'><strong>”</strong></span> 
     </span>
    </p>

    <p class='ocr_par' dir='ltr' id='par_1_3' title="bbox 181 1132 2308 2276">
     <span class='ocr_line' id='line_1_9' title="bbox 301 1132 2221 1213; baseline 0.001 -20"><span class='ocrx_word' id='word_1_62' title='bbox 301 1134 452 1196; x_wconf 83' lang='grc' dir='ltr'><strong>ΧΠ.</strong></span> <span class='ocrx_word' id='word_1_63' title='bbox 496 1134 620 1194; x_wconf 91' lang='lat' dir='ltr'><strong>His</strong></span> <span class='ocrx_word' id='word_1_64' title='bbox 647 1154 769 1213; x_wconf 89' lang='lat' dir='ltr'><strong>ego</strong></span> <span class='ocrx_word' id='word_1_65' title='bbox 797 1134 1199 1194; x_wconf 81' lang='lat' dir='ltr'><strong>sanctissimis</strong></span> <span class='ocrx_word' id='word_1_66' title='bbox 1218 1133 1309 1193; x_wconf 91' lang='lat' dir='ltr'><strong>rei</strong></span> <span class='ocrx_word' id='word_1_67' title='bbox 1335 1132 1617 1212; x_wconf 90' lang='lat' dir='ltr'><strong>publicae</strong></span> <span class='ocrx_word' id='word_1_68' title='bbox 1636 1133 1889 1194; x_wconf 85' lang='lat' dir='ltr'><strong>vocibus</strong></span> <span class='ocrx_word' id='word_1_69' title='bbox 1917 1140 1987 1194; x_wconf 88' lang='lat' dir='ltr'><strong>et</strong></span> <span class='ocrx_word' id='word_1_70' title='bbox 2010 1154 2221 1194; x_wconf 87' lang='lat' dir='ltr'><strong>eorum</strong></span> 
     </span>
     <span class='ocr_line' id='line_1_10' title="bbox 182 1231 2221 1311; baseline 0.001 -22"><span class='ocrx_word' id='word_1_71' title='bbox 182 1231 518 1308; x_wconf 89' lang='lat' dir='ltr'><strong>hominum,</strong></span> <span class='ocrx_word' id='word_1_72' title='bbox 546 1232 655 1309; x_wconf 93' lang='lat' dir='ltr'><strong>qui</strong></span> <span class='ocrx_word' id='word_1_73' title='bbox 681 1231 796 1290; x_wconf 91' lang='lat' dir='ltr'><strong>hoc</strong></span> <span class='ocrx_word' id='word_1_74' title='bbox 822 1231 987 1291; x_wconf 90' lang='lat' dir='ltr'><strong>idem</strong></span> <span class='ocrx_word' id='word_1_75' title='bbox 1016 1231 1312 1306; x_wconf 89' lang='lat' dir='ltr'><strong>sentiunt,</strong></span> <span class='ocrx_word' id='word_1_76' title='bbox 1341 1231 1656 1290; x_wconf 89' lang='lat' dir='ltr'><strong>mentibus</strong></span> <span class='ocrx_word' id='word_1_77' title='bbox 1677 1250 1876 1309; x_wconf 90' lang='lat' dir='ltr'><strong>pauca</strong></span> <span class='ocrx_word' id='word_1_78' title='bbox 1896 1232 2221 1311; x_wconf 90' lang='lat' dir='ltr'><strong>responde-</strong></span> 
     </span>
     <span class='ocr_line' id='line_1_11' title="bbox 182 1327 2308 1408; baseline 0 -20"><span class='ocrx_word' id='word_1_79' title='bbox 182 1327 281 1389; x_wconf 81' lang='lat' dir='ltr'><strong>bo,</strong></span> <span class='ocrx_word' id='word_1_80' title='bbox 369 1327 605 1408; x_wconf 58' lang='lat' dir='ltr'><strong>Ego„si</strong></span> <span class='ocrx_word' id='word_1_81' title='bbox 622 1327 741 1388; x_wconf 92' lang='lat' dir='ltr'><strong>hoc</strong></span> <span class='ocrx_word' id='word_1_82' title='bbox 755 1328 1055 1406; x_wconf 92' lang='lat' dir='ltr'><strong>optimum</strong></span> <span class='ocrx_word' id='word_1_83' title='bbox 1071 1328 1242 1387; x_wconf 87' lang='lat' dir='ltr'><strong>factu</strong></span> <span class='ocrx_word' id='word_1_84' title='bbox 1265 1327 1620 1406; x_wconf 81' lang='lat' dir='ltr'><strong>judicarem,</strong></span> <span class='ocrx_word' id='word_1_85' title='bbox 1635 1334 1844 1407; x_wconf 84' lang='lat' dir='ltr'><strong>patres</strong></span> <span class='ocrx_word' id='word_1_86' title='bbox 1863 1327 2218 1407; x_wconf 79' lang='lat' dir='ltr'><strong>conscripti,</strong></span> <span class='ocrx_word' id='word_1_87' title='bbox 2246 1342 2308 1389; x_wconf 86' lang='lat'><strong>10</strong></span> 
     </span>
     <span class='ocr_line' id='line_1_12' title="bbox 185 1423 2219 1504; baseline 0 -20"><span class='ocrx_word' id='word_1_88' title='bbox 185 1423 515 1484; x_wconf 85' lang='lat' dir='ltr'><strong>Catilinam</strong></span> <span class='ocrx_word' id='word_1_89' title='bbox 543 1430 740 1484; x_wconf 90' lang='lat' dir='ltr'><strong>morte</strong></span> <span class='ocrx_word' id='word_1_90' title='bbox 766 1424 1032 1500; x_wconf 90' lang='lat' dir='ltr'><strong>multari,</strong></span> <span class='ocrx_word' id='word_1_91' title='bbox 1059 1425 1239 1483; x_wconf 88' lang='lat' dir='ltr'><strong>unius</strong></span> <span class='ocrx_word' id='word_1_92' title='bbox 1266 1444 1517 1483; x_wconf 90' lang='lat' dir='ltr'><strong>usuram</strong></span> <span class='ocrx_word' id='word_1_93' title='bbox 1543 1424 1729 1485; x_wconf 77' lang='lat' dir='ltr'><strong>horae</strong></span> <span class='ocrx_word' id='word_1_94' title='bbox 1755 1426 2083 1504; x_wconf 80' lang='lat' dir='ltr'><strong>gladiatori</strong></span> <span class='ocrx_word' id='word_1_95' title='bbox 2108 1427 2219 1485; x_wconf 86' lang='lat' dir='ltr'><strong>isti</strong></span> 
     </span>
     <span class='ocr_line' id='line_1_13' title="bbox 182 1520 2220 1582; baseline 0.001 -2"><span class='ocrx_word' id='word_1_96' title='bbox 182 1521 264 1580; x_wconf 90' lang='lat' dir='ltr'><strong>ad</strong></span> <span class='ocrx_word' id='word_1_97' title='bbox 306 1520 640 1582; x_wconf 85' lang='lat' dir='ltr'><strong>vivendum</strong></span> <span class='ocrx_word' id='word_1_98' title='bbox 677 1541 804 1580; x_wconf 92' lang='lat' dir='ltr'><strong>non</strong></span> <span class='ocrx_word' id='word_1_99' title='bbox 845 1520 1170 1581; x_wconf 88' lang='lat' dir='ltr'><strong>dedissem.</strong></span> <span class='ocrx_word' id='word_1_100' title='bbox 1253 1520 1502 1580; x_wconf 85' lang='lat' dir='ltr'><strong>Etenim</strong></span> <span class='ocrx_word' id='word_1_101' title='bbox 1543 1522 1595 1580; x_wconf 92' lang='lat' dir='ltr'><strong>si</strong></span> <span class='ocrx_word' id='word_1_102' title='bbox 1622 1523 1838 1581; x_wconf 90' lang='lat' dir='ltr'><strong>summi</strong></span> <span class='ocrx_word' id='word_1_103' title='bbox 1863 1522 1982 1582; x_wconf 89' lang='lat' dir='ltr'><strong>viri</strong></span> <span class='ocrx_word' id='word_1_104' title='bbox 2009 1528 2076 1582; x_wconf 92' lang='lat' dir='ltr'><strong>et</strong></span> <span class='ocrx_word' id='word_1_105' title='bbox 2102 1522 2220 1582; x_wconf 84' lang='lat' dir='ltr'><strong>cla-</strong></span> 
     </span>
     <span class='ocr_line' id='line_1_14' title="bbox 181 1615 2219 1697; baseline 0 -22"><span class='ocrx_word' id='word_1_106' title='bbox 181 1618 409 1676; x_wconf 89' lang='lat' dir='ltr'><strong>rissimi</strong></span> <span class='ocrx_word' id='word_1_107' title='bbox 427 1617 592 1677; x_wconf 84' lang='lat' dir='ltr'><strong>cives</strong></span> <span class='ocrx_word' id='word_1_108' title='bbox 613 1615 929 1678; x_wconf 85' lang='lat' dir='ltr'><strong>Saturnini</strong></span> <span class='ocrx_word' id='word_1_109' title='bbox 944 1622 1012 1677; x_wconf 92' lang='lat' dir='ltr'><strong>et</strong></span> <span class='ocrx_word' id='word_1_110' title='bbox 1026 1615 1437 1677; x_wconf 80' lang='lat' dir='ltr'><strong>Gracchorum</strong></span> <span class='ocrx_word' id='word_1_111' title='bbox 1451 1624 1519 1678; x_wconf 90' lang='lat' dir='ltr'><strong>et</strong></span> <span class='ocrx_word' id='word_1_112' title='bbox 1536 1617 1740 1678; x_wconf 83' lang='lat' dir='ltr'><strong>Flacci</strong></span> <span class='ocrx_word' id='word_1_113' title='bbox 1755 1625 1822 1678; x_wconf 90' lang='lat' dir='ltr'><strong>et</strong></span> <span class='ocrx_word' id='word_1_114' title='bbox 1839 1619 2219 1697; x_wconf 83' lang='lat' dir='ltr'><strong>superiorum</strong></span> 
     </span>
     <span class='ocr_line' id='line_1_15' title="bbox 184 1714 2219 1792; baseline 0.001 -20"><span class='ocrx_word' id='word_1_115' title='bbox 184 1714 591 1792; x_wconf 86' lang='lat' dir='ltr'><strong>complurium</strong></span> <span class='ocrx_word' id='word_1_116' title='bbox 618 1714 919 1792; x_wconf 90' lang='lat' dir='ltr'><strong>sanguine</strong></span> <span class='ocrx_word' id='word_1_117' title='bbox 945 1733 1069 1774; x_wconf 91' lang='lat' dir='ltr'><strong>non</strong></span> <span class='ocrx_word' id='word_1_118' title='bbox 1111 1714 1295 1774; x_wconf 90' lang='lat' dir='ltr'><strong>modo</strong></span> <span class='ocrx_word' id='word_1_119' title='bbox 1321 1734 1390 1774; x_wconf 87' lang='lat' dir='ltr'><strong>se</strong></span> <span class='ocrx_word' id='word_1_120' title='bbox 1415 1735 1540 1774; x_wconf 90' lang='lat' dir='ltr'><strong>non</strong></span> <span class='ocrx_word' id='word_1_121' title='bbox 1568 1716 2080 1792; x_wconf 90' lang='lat' dir='ltr'><strong>contaminarunt,</strong></span> <span class='ocrx_word' id='word_1_122' title='bbox 2108 1716 2219 1775; x_wconf 91' lang='lat' dir='ltr'><strong>sed</strong></span> 
     </span>
     <span class='ocr_line' id='line_1_16' title="bbox 184 1809 2304 1888; baseline 0.001 -18"><span class='ocrx_word' id='word_1_123' title='bbox 184 1811 377 1870; x_wconf 89' lang='lat' dir='ltr'><strong>etiam</strong></span> <span class='ocrx_word' id='word_1_124' title='bbox 414 1809 844 1887; x_wconf 87' lang='lat' dir='ltr'><strong>honestarunt,</strong></span> <span class='ocrx_word' id='word_1_125' title='bbox 872 1819 1041 1871; x_wconf 90' lang='lat' dir='ltr'><strong>certe</strong></span> <span class='ocrx_word' id='word_1_126' title='bbox 1066 1811 1400 1871; x_wconf 86' lang='lat' dir='ltr'><strong>verendum</strong></span> <span class='ocrx_word' id='word_1_127' title='bbox 1440 1811 1591 1869; x_wconf 93' lang='lat' dir='ltr'><strong>mihi</strong></span> <span class='ocrx_word' id='word_1_128' title='bbox 1617 1831 1744 1871; x_wconf 91' lang='lat' dir='ltr'><strong>non</strong></span> <span class='ocrx_word' id='word_1_129' title='bbox 1769 1817 1922 1888; x_wconf 87' lang='lat' dir='ltr'><strong>erat,</strong></span> <span class='ocrx_word' id='word_1_130' title='bbox 1948 1832 2029 1871; x_wconf 92' lang='lat' dir='ltr'><strong>ne</strong></span> <span class='ocrx_word' id='word_1_131' title='bbox 2069 1811 2218 1888; x_wconf 89' lang='lat' dir='ltr'><strong>quid</strong></span> <span class='ocrx_word' id='word_1_132' title='bbox 2246 1824 2304 1872; x_wconf 77' lang='lat'><strong>15</strong></span> 
     </span>
     <span class='ocr_line' id='line_1_17' title="bbox 183 1906 2220 1986; baseline 0 -21"><span class='ocrx_word' id='word_1_133' title='bbox 183 1907 301 1967; x_wconf 92' lang='lat' dir='ltr'><strong>hoc</strong></span> <span class='ocrx_word' id='word_1_134' title='bbox 324 1909 632 1986; x_wconf 88' lang='lat' dir='ltr'><strong>parricida</strong></span> <span class='ocrx_word' id='word_1_135' title='bbox 652 1908 874 1967; x_wconf 87' lang='lat' dir='ltr'><strong>civium</strong></span> <span class='ocrx_word' id='word_1_136' title='bbox 900 1907 1229 1967; x_wconf 89' lang='lat' dir='ltr'><strong>interfecto</strong></span> <span class='ocrx_word' id='word_1_137' title='bbox 1246 1907 1514 1967; x_wconf 85' lang='lat' dir='ltr'><strong>invidiae</strong></span> <span class='ocrx_word' id='word_1_138' title='bbox 1539 1906 1689 1965; x_wconf 91' lang='lat' dir='ltr'><strong>mihi</strong></span> <span class='ocrx_word' id='word_1_139' title='bbox 1708 1909 1774 1964; x_wconf 93' lang='lat' dir='ltr'><strong>in</strong></span> <span class='ocrx_word' id='word_1_140' title='bbox 1792 1907 2220 1985; x_wconf 86' lang='lat' dir='ltr'><strong>posteritatem</strong></span> 
     </span>
     <span class='ocr_line' id='line_1_18' title="bbox 182 2002 2218 2083; baseline -0 -20"><span class='ocrx_word' id='word_1_141' title='bbox 182 2005 572 2066; x_wconf 87' lang='lat' dir='ltr'><strong>redundaret.</strong></span> <span class='ocrx_word' id='word_1_142' title='bbox 656 2003 840 2077; x_wconf 84' lang='lat' dir='ltr'><strong>Quod</strong></span> <span class='ocrx_word' id='word_1_143' title='bbox 880 2002 937 2063; x_wconf 88' lang='lat' dir='ltr'><strong>si</strong></span> <span class='ocrx_word' id='word_1_144' title='bbox 975 2024 1050 2064; x_wconf 88' lang='lat' dir='ltr'><strong>ea</strong></span> <span class='ocrx_word' id='word_1_145' title='bbox 1092 2004 1239 2062; x_wconf 90' lang='lat' dir='ltr'><strong>mihi</strong></span> <span class='ocrx_word' id='word_1_146' title='bbox 1278 2004 1550 2063; x_wconf 85' lang='lat' dir='ltr'><strong>maxime</strong></span> <span class='ocrx_word' id='word_1_147' title='bbox 1578 2003 1984 2083; x_wconf 86' lang='lat' dir='ltr'><strong>impenderet,</strong></span> <span class='ocrx_word' id='word_1_148' title='bbox 2010 2010 2218 2063; x_wconf 86' lang='lat' dir='ltr'><strong>tamen</strong></span> 
     </span>
     <span class='ocr_line' id='line_1_19' title="bbox 183 2099 2217 2180; baseline 0 -20"><span class='ocrx_word' id='word_1_149' title='bbox 183 2101 301 2161; x_wconf 93' lang='lat' dir='ltr'><strong>hoc</strong></span> <span class='ocrx_word' id='word_1_150' title='bbox 329 2103 534 2162; x_wconf 91' lang='lat' dir='ltr'><strong>animo</strong></span> <span class='ocrx_word' id='word_1_151' title='bbox 575 2121 816 2179; x_wconf 87' lang='lat' dir='ltr'><strong>semper</strong></span> <span class='ocrx_word' id='word_1_152' title='bbox 841 2101 947 2178; x_wconf 86' lang='lat' dir='ltr'><strong>fui,</strong></span> <span class='ocrx_word' id='word_1_153' title='bbox 973 2106 1047 2161; x_wconf 92' lang='lat' dir='ltr'><strong>ut</strong></span> <span class='ocrx_word' id='word_1_154' title='bbox 1084 2100 1379 2162; x_wconf 87' lang='lat' dir='ltr'><strong>invidiam</strong></span> <span class='ocrx_word' id='word_1_155' title='bbox 1404 2099 1634 2162; x_wconf 79' lang='lat' dir='ltr'><strong>virtute</strong></span> <span class='ocrx_word' id='word_1_156' title='bbox 1673 2106 1916 2180; x_wconf 89' lang='lat' dir='ltr'><strong>partam</strong></span> <span class='ocrx_word' id='word_1_157' title='bbox 1942 2099 2217 2180; x_wconf 86' lang='lat' dir='ltr'><strong>gloriam,</strong></span> 
     </span>
     <span class='ocr_line' id='line_1_20' title="bbox 183 2199 950 2276; baseline 0.003 -19"><span class='ocrx_word' id='word_1_158' title='bbox 183 2219 308 2258; x_wconf 92' lang='lat' dir='ltr'><strong>non</strong></span> <span class='ocrx_word' id='word_1_159' title='bbox 334 2199 624 2259; x_wconf 87' lang='lat' dir='ltr'><strong>invidiam</strong></span> <span class='ocrx_word' id='word_1_160' title='bbox 651 2205 950 2276; x_wconf 88' lang='lat' dir='ltr'><strong>putarem.</strong></span> 
     </span>
    </p>

    <p class='ocr_par' dir='ltr' id='par_1_4' title="bbox 304 2292 2305 2372">
     <span class='ocr_line' id='line_1_21' title="bbox 304 2292 2305 2372; baseline 0.001 -19"><span class='ocrx_word' id='word_1_161' title='bbox 304 2292 691 2372; x_wconf 83' lang='lat' dir='ltr'><strong>Quamquam</strong></span> <span class='ocrx_word' id='word_1_162' title='bbox 717 2294 993 2354; x_wconf 90' lang='lat' dir='ltr'><strong>nonnulli</strong></span> <span class='ocrx_word' id='word_1_163' title='bbox 1019 2300 1165 2354; x_wconf 90' lang='lat' dir='ltr'><strong>sunt</strong></span> <span class='ocrx_word' id='word_1_164' title='bbox 1191 2295 1258 2353; x_wconf 90' lang='lat' dir='ltr'><strong>in</strong></span> <span class='ocrx_word' id='word_1_165' title='bbox 1281 2293 1402 2354; x_wconf 91' lang='lat' dir='ltr'><strong>hoc</strong></span> <span class='ocrx_word' id='word_1_166' title='bbox 1429 2294 1664 2370; x_wconf 88' lang='lat' dir='ltr'><strong>ordine,</strong></span> <span class='ocrx_word' id='word_1_167' title='bbox 1690 2294 1795 2372; x_wconf 91' lang='lat' dir='ltr'><strong>qui</strong></span> <span class='ocrx_word' id='word_1_168' title='bbox 1822 2301 1932 2353; x_wconf 91' lang='lat' dir='ltr'><strong>aut</strong></span> <span class='ocrx_word' id='word_1_169' title='bbox 1956 2315 2032 2354; x_wconf 94' lang='lat' dir='ltr'><strong>ea</strong></span> <span class='ocrx_word' id='word_1_170' title='bbox 2058 2314 2215 2372; x_wconf 90' lang='lat' dir='ltr'><strong>quae</strong></span> <span class='ocrx_word' id='word_1_171' title='bbox 2241 2309 2305 2355; x_wconf 82' lang='lat'><strong>20</strong></span> 
     </span>
    </p>

    <p class='ocr_par' dir='ltr' id='par_1_5' title="bbox 184 2389 2213 2468">
     <span class='ocr_line' id='line_1_22' title="bbox 184 2389 2213 2468; baseline 0.001 -19"><span class='ocrx_word' id='word_1_172' title='bbox 184 2392 513 2459; x_wconf 84' lang='lat' dir='ltr'><strong>imminent</strong></span> <span class='ocrx_word' id='word_1_173' title='bbox 552 2411 677 2451; x_wconf 91' lang='lat' dir='ltr'><strong>non</strong></span> <span class='ocrx_word' id='word_1_174' title='bbox 723 2389 998 2467; x_wconf 84' lang='lat' dir='ltr'><strong>videant,</strong></span> <span class='ocrx_word' id='word_1_175' title='bbox 1049 2397 1160 2450; x_wconf 87' lang='lat' dir='ltr'><strong>aut</strong></span> <span class='ocrx_word' id='word_1_176' title='bbox 1206 2412 1281 2451; x_wconf 90' lang='lat' dir='ltr'><strong>ea</strong></span> <span class='ocrx_word' id='word_1_177' title='bbox 1324 2410 1481 2468; x_wconf 89' lang='lat' dir='ltr'><strong>quae</strong></span> <span class='ocrx_word' id='word_1_178' title='bbox 1523 2390 1738 2451; x_wconf 89' lang='lat' dir='ltr'><strong>vident</strong></span> <span class='ocrx_word' id='word_1_179' title='bbox 1791 2390 2213 2451; x_wconf 85' lang='lat' dir='ltr'><strong>dissimulent:</strong></span> 
     </span>
    </p>

    <p class='ocr_par' dir='ltr' id='par_1_6' title="bbox 112 2472 2313 3820">
     <span class='ocr_line' id='line_1_23' title="bbox 112 2472 2219 2566; baseline -0.001 -20"><span class='ocrx_word' id='word_1_180' title='bbox 112 2472 117 2478; x_wconf 71' lang='lat'>‚</span> <span class='ocrx_word' id='word_1_181' title='bbox 183 2488 290 2565; x_wconf 93' lang='lat' dir='ltr'><strong>qui</strong></span> <span class='ocrx_word' id='word_1_182' title='bbox 333 2508 511 2566; x_wconf 75' lang='lat' dir='ltr'><strong>spem</strong></span> <span class='ocrx_word' id='word_1_183' title='bbox 559 2486 865 2548; x_wconf 83' lang='lat' dir='ltr'><strong>Catilinae</strong></span> <span class='ocrx_word' id='word_1_184' title='bbox 914 2486 1203 2547; x_wconf 89' lang='lat' dir='ltr'><strong>mollibus</strong></span> <span class='ocrx_word' id='word_1_185' title='bbox 1246 2488 1573 2547; x_wconf 89' lang='lat' dir='ltr'><strong>sententiis</strong></span> <span class='ocrx_word' id='word_1_186' title='bbox 1621 2486 1907 2547; x_wconf 90' lang='lat' dir='ltr'><strong>aluerunt</strong></span> <span class='ocrx_word' id='word_1_187' title='bbox 1947 2487 2219 2566; x_wconf 84' lang='lat' dir='ltr'><strong>conjura·</strong></span> 
     </span>
     <span class='ocr_line' id='line_1_24' title="bbox 182 2583 2219 2661; baseline -0.001 -19"><span class='ocrx_word' id='word_1_188' title='bbox 182 2585 543 2661; x_wconf 84' lang='lat' dir='ltr'><strong>tionemque</strong></span> <span class='ocrx_word' id='word_1_189' title='bbox 571 2590 930 2643; x_wconf 86' lang='lat' dir='ltr'><strong>nascentem</strong></span> <span class='ocrx_word' id='word_1_190' title='bbox 956 2603 1080 2642; x_wconf 90' lang='lat' dir='ltr'><strong>non</strong></span> <span class='ocrx_word' id='word_1_191' title='bbox 1109 2583 1416 2643; x_wconf 90' lang='lat' dir='ltr'><strong>credendo</strong></span> <span class='ocrx_word' id='word_1_192' title='bbox 1444 2583 2031 2659; x_wconf 82' lang='lat' dir='ltr'><strong>corroboraverunt3</strong></span> <span class='ocrx_word' id='word_1_193' title='bbox 2073 2601 2219 2659; x_wconf 91' lang='lat' dir='ltr'><strong>quo·</strong></span> 
     </span>
     <span class='ocr_line' id='line_1_25' title="bbox 181 2677 2218 2757; baseline -0.002 -18"><span class='ocrx_word' id='word_1_194' title='bbox 181 2700 320 2739; x_wconf 89' lang='lat' dir='ltr'><strong>rum</strong></span> <span class='ocrx_word' id='word_1_195' title='bbox 368 2680 800 2739; x_wconf 88' lang='lat' dir='ltr'><strong>auctoritatem</strong></span> <span class='ocrx_word' id='word_1_196' title='bbox 843 2680 1039 2739; x_wconf 88' lang='lat' dir='ltr'><strong>secuti</strong></span> <span class='ocrx_word' id='word_1_197' title='bbox 1078 2678 1277 2755; x_wconf 90' lang='lat' dir='ltr'><strong>multi,</strong></span> <span class='ocrx_word' id='word_1_198' title='bbox 1304 2698 1432 2738; x_wconf 92' lang='lat' dir='ltr'><strong>non</strong></span> <span class='ocrx_word' id='word_1_199' title='bbox 1475 2677 1673 2757; x_wconf 83' lang='lat' dir='ltr'><strong>solum</strong></span> <span class='ocrx_word' id='word_1_200' title='bbox 1698 2678 1979 2756; x_wconf 90' lang='lat' dir='ltr'><strong>improbi,</strong></span> <span class='ocrx_word' id='word_1_201' title='bbox 2007 2697 2218 2737; x_wconf 86' lang='lat' dir='ltr'><strong>verum</strong></span> 
     </span>
     <span class='ocr_line' id='line_1_26' title="bbox 184 2772 2306 2854; baseline 0 -17"><span class='ocrx_word' id='word_1_202' title='bbox 184 2777 376 2837; x_wconf 88' lang='lat' dir='ltr'><strong>etiam</strong></span> <span class='ocrx_word' id='word_1_203' title='bbox 416 2777 709 2854; x_wconf 89' lang='lat' dir='ltr'><strong>imperiti,</strong></span> <span class='ocrx_word' id='word_1_204' title='bbox 736 2776 791 2835; x_wconf 90' lang='lat' dir='ltr'><strong>si</strong></span> <span class='ocrx_word' id='word_1_205' title='bbox 833 2776 898 2834; x_wconf 91' lang='lat' dir='ltr'><strong>in</strong></span> <span class='ocrx_word' id='word_1_206' title='bbox 944 2775 1106 2835; x_wconf 91' lang='lat' dir='ltr'><strong>hunc</strong></span> <span class='ocrx_word' id='word_1_207' title='bbox 1148 2774 1739 2849; x_wconf 86' lang='lat' dir='ltr'><strong>animadvertissem,</strong></span> <span class='ocrx_word' id='word_1_208' title='bbox 1783 2772 2113 2833; x_wconf 90' lang='lat' dir='ltr'><strong>crudeliter</strong></span> <span class='ocrx_word' id='word_1_209' title='bbox 2152 2778 2219 2833; x_wconf 90' lang='lat' dir='ltr'><strong>et</strong></span> <span class='ocrx_word' id='word_1_210' title='bbox 2243 2791 2306 2837; x_wconf 80' lang='lat'><strong>25</strong></span> 
     </span>
     <span class='ocr_line' id='line_1_27' title="bbox 184 2868 2219 2952; baseline -0 -21"><span class='ocrx_word' id='word_1_211' title='bbox 184 2874 364 2952; x_wconf 86' lang='lat' dir='ltr'><strong>regie</strong></span> <span class='ocrx_word' id='word_1_212' title='bbox 404 2874 638 2932; x_wconf 88' lang='lat' dir='ltr'><strong>factum</strong></span> <span class='ocrx_word' id='word_1_213' title='bbox 681 2892 818 2932; x_wconf 91' lang='lat' dir='ltr'><strong>esse</strong></span> <span class='ocrx_word' id='word_1_214' title='bbox 863 2871 1154 2932; x_wconf 87' lang='lat' dir='ltr'><strong>dicerent.</strong></span> <span class='ocrx_word' id='word_1_215' title='bbox 1240 2871 1426 2932; x_wconf 88' lang='lat' dir='ltr'><strong>Nunc</strong></span> <span class='ocrx_word' id='word_1_216' title='bbox 1463 2868 1769 2948; x_wconf 89' lang='lat' dir='ltr'><strong>intelligo,</strong></span> <span class='ocrx_word' id='word_1_217' title='bbox 1814 2870 1866 2928; x_wconf 92' lang='lat' dir='ltr'><strong>si</strong></span> <span class='ocrx_word' id='word_1_218' title='bbox 1910 2870 2052 2947; x_wconf 89' lang='lat' dir='ltr'><strong>iste,</strong></span> <span class='ocrx_word' id='word_1_219' title='bbox 2097 2889 2219 2947; x_wconf 91' lang='lat' dir='ltr'><strong>quo</strong></span> 
     </span>
     <span class='ocr_line' id='line_1_28' title="bbox 182 2967 2219 3046; baseline -0.001 -18"><span class='ocrx_word' id='word_1_220' title='bbox 182 2969 478 3045; x_wconf 90' lang='lat' dir='ltr'><strong>intendit,</strong></span> <span class='ocrx_word' id='word_1_221' title='bbox 526 2969 592 3027; x_wconf 94' lang='lat' dir='ltr'><strong>in</strong></span> <span class='ocrx_word' id='word_1_222' title='bbox 654 2968 970 3028; x_wconf 88' lang='lat' dir='ltr'><strong>Manliana</strong></span> <span class='ocrx_word' id='word_1_223' title='bbox 1039 2975 1241 3029; x_wconf 86' lang='lat' dir='ltr'><strong>castra</strong></span> <span class='ocrx_word' id='word_1_224' title='bbox 1309 2967 1680 3046; x_wconf 88' lang='lat' dir='ltr'><strong>pervenerit,</strong></span> <span class='ocrx_word' id='word_1_225' title='bbox 1727 2967 2037 3027; x_wconf 90' lang='lat' dir='ltr'><strong>neminem</strong></span> <span class='ocrx_word' id='word_1_226' title='bbox 2091 2974 2219 3026; x_wconf 90' lang='lat' dir='ltr'><strong>tam</strong></span> 
     </span>
     <span class='ocr_line' id='line_1_29' title="bbox 183 3064 2222 3144; baseline -0.001 -18"><span class='ocrx_word' id='word_1_227' title='bbox 183 3066 449 3126; x_wconf 88' lang='lat' dir='ltr'><strong>stultum</strong></span> <span class='ocrx_word' id='word_1_228' title='bbox 497 3067 625 3125; x_wconf 86' lang='lat' dir='ltr'><strong>fore</strong></span> <span class='ocrx_word' id='word_1_229' title='bbox 671 3066 778 3143; x_wconf 88' lang='lat' dir='ltr'><strong>qui</strong></span> <span class='ocrx_word' id='word_1_230' title='bbox 822 3086 949 3125; x_wconf 91' lang='lat' dir='ltr'><strong>non</strong></span> <span class='ocrx_word' id='word_1_231' title='bbox 995 3066 1201 3127; x_wconf 83' lang='lat' dir='ltr'><strong>videat</strong></span> <span class='ocrx_word' id='word_1_232' title='bbox 1254 3064 1736 3144; x_wconf 83' lang='lat' dir='ltr'><strong>conjurationem</strong></span> <span class='ocrx_word' id='word_1_233' title='bbox 1792 3084 1929 3124; x_wconf 89' lang='lat' dir='ltr'><strong>esse</strong></span> <span class='ocrx_word' id='word_1_234' title='bbox 1976 3066 2222 3141; x_wconf 86' lang='lat' dir='ltr'><strong>factam,</strong></span> 
     </span>
     <span class='ocr_line' id='line_1_30' title="bbox 184 3161 2221 3242; baseline -0.001 -19"><span class='ocrx_word' id='word_1_235' title='bbox 184 3164 492 3223; x_wconf 90' lang='lat' dir='ltr'><strong>neminem</strong></span> <span class='ocrx_word' id='word_1_236' title='bbox 519 3170 649 3222; x_wconf 91' lang='lat' dir='ltr'><strong>tam</strong></span> <span class='ocrx_word' id='word_1_237' title='bbox 675 3163 1022 3242; x_wconf 90' lang='lat' dir='ltr'><strong>improbum</strong></span> <span class='ocrx_word' id='word_1_238' title='bbox 1049 3164 1154 3241; x_wconf 89' lang='lat' dir='ltr'><strong>qui</strong></span> <span class='ocrx_word' id='word_1_239' title='bbox 1178 3183 1307 3223; x_wconf 90' lang='lat' dir='ltr'><strong>non</strong></span> <span class='ocrx_word' id='word_1_240' title='bbox 1331 3163 1615 3223; x_wconf 88' lang='lat' dir='ltr'><strong>fateatur.</strong></span> <span class='ocrx_word' id='word_1_241' title='bbox 1698 3161 1839 3221; x_wconf 91' lang='lat' dir='ltr'><strong>Hoc</strong></span> <span class='ocrx_word' id='word_1_242' title='bbox 1865 3168 2073 3221; x_wconf 91' lang='lat' dir='ltr'><strong>autem</strong></span> <span class='ocrx_word' id='word_1_243' title='bbox 2099 3182 2221 3221; x_wconf 90' lang='lat' dir='ltr'><strong>uno</strong></span> 
     </span>
     <span class='ocr_line' id='line_1_31' title="bbox 183 3257 2310 3339; baseline 0 -20"><span class='ocrx_word' id='word_1_244' title='bbox 183 3260 536 3335; x_wconf 83' lang='lat' dir='ltr'><strong>interfectO,</strong></span> <span class='ocrx_word' id='word_1_245' title='bbox 577 3259 862 3339; x_wconf 82' lang='lat' dir='ltr'><strong>intelligo</strong></span> <span class='ocrx_word' id='word_1_246' title='bbox 905 3260 1063 3320; x_wconf 86' lang='lat' dir='ltr'><strong>hanc</strong></span> <span class='ocrx_word' id='word_1_247' title='bbox 1125 3260 1217 3320; x_wconf 90' lang='lat' dir='ltr'><strong>rei</strong></span> <span class='ocrx_word' id='word_1_248' title='bbox 1264 3259 1549 3339; x_wconf 88' lang='lat' dir='ltr'><strong>publicae</strong></span> <span class='ocrx_word' id='word_1_249' title='bbox 1609 3265 1852 3337; x_wconf 91' lang='lat' dir='ltr'><strong>pestem</strong></span> <span class='ocrx_word' id='word_1_250' title='bbox 1905 3257 2222 3338; x_wconf 90' lang='lat' dir='ltr'><strong>paulisper</strong></span> <span class='ocrx_word' id='word_1_251' title='bbox 2246 3274 2310 3320; x_wconf 83' lang='lat'><strong>30</strong></span> 
     </span>
     <span class='ocr_line' id='line_1_32' title="bbox 183 3354 2223 3435; baseline -0 -19"><span class='ocrx_word' id='word_1_252' title='bbox 183 3356 454 3435; x_wconf 83' lang='lat' dir='ltr'><strong>reprimi,</strong></span> <span class='ocrx_word' id='word_1_253' title='bbox 481 3376 608 3416; x_wconf 90' lang='lat' dir='ltr'><strong>non</strong></span> <span class='ocrx_word' id='word_1_254' title='bbox 655 3358 723 3416; x_wconf 89' lang='lat' dir='ltr'><strong>in</strong></span> <span class='ocrx_word' id='word_1_255' title='bbox 769 3364 1137 3435; x_wconf 87' lang='lat' dir='ltr'><strong>perpetuum</strong></span> <span class='ocrx_word' id='word_1_256' title='bbox 1181 3357 1502 3434; x_wconf 87' lang='lat' dir='ltr'><strong>comprimi</strong></span> <span class='ocrx_word' id='word_1_257' title='bbox 1545 3376 1747 3435; x_wconf 90' lang='lat' dir='ltr'><strong>posse.</strong></span> <span class='ocrx_word' id='word_1_258' title='bbox 1832 3354 2017 3428; x_wconf 84' lang='lat' dir='ltr'><strong>Quod</strong></span> <span class='ocrx_word' id='word_1_259' title='bbox 2058 3355 2112 3414; x_wconf 90' lang='lat' dir='ltr'><strong>si</strong></span> <span class='ocrx_word' id='word_1_260' title='bbox 2154 3375 2223 3415; x_wconf 89' lang='lat' dir='ltr'><strong>se</strong></span> 
     </span>
     <span class='ocr_line' id='line_1_33' title="bbox 185 3452 2222 3533; baseline -0.001 -20"><span class='ocrx_word' id='word_1_261' title='bbox 185 3454 440 3533; x_wconf 84' lang='lat' dir='ltr'><strong>ejecerit</strong></span> <span class='ocrx_word' id='word_1_262' title='bbox 479 3473 808 3531; x_wconf 87' lang='lat' dir='ltr'><strong>secumque</strong></span> <span class='ocrx_word' id='word_1_263' title='bbox 849 3474 994 3514; x_wconf 89' lang='lat' dir='ltr'><strong>suos</strong></span> <span class='ocrx_word' id='word_1_264' title='bbox 1021 3454 1308 3515; x_wconf 87' lang='lat' dir='ltr'><strong>eduxerit</strong></span> <span class='ocrx_word' id='word_1_265' title='bbox 1335 3459 1403 3514; x_wconf 92' lang='lat' dir='ltr'><strong>et</strong></span> <span class='ocrx_word' id='word_1_266' title='bbox 1430 3453 1648 3514; x_wconf 88' lang='lat' dir='ltr'><strong>eodem</strong></span> <span class='ocrx_word' id='word_1_267' title='bbox 1689 3458 1927 3513; x_wconf 87' lang='lat' dir='ltr'><strong>ceteros</strong></span> <span class='ocrx_word' id='word_1_268' title='bbox 1952 3452 2222 3528; x_wconf 90' lang='lat' dir='ltr'><strong>undique</strong></span> 
     </span>
     <span class='ocr_line' id='line_1_34' title="bbox 187 3547 2225 3629; baseline -0.002 -20"><span class='ocrx_word' id='word_1_269' title='bbox 187 3548 479 3610; x_wconf 86' lang='lat' dir='ltr'><strong>collectos</strong></span> <span class='ocrx_word' id='word_1_270' title='bbox 523 3550 852 3629; x_wconf 88' lang='lat' dir='ltr'><strong>naufragos</strong></span> <span class='ocrx_word' id='word_1_271' title='bbox 895 3550 1349 3629; x_wconf 88' lang='lat' dir='ltr'><strong>aggregaverit,</strong></span> <span class='ocrx_word' id='word_1_272' title='bbox 1396 3551 1832 3628; x_wconf 87' lang='lat' dir='ltr'><strong>exstinguetur</strong></span> <span class='ocrx_word' id='word_1_273' title='bbox 1886 3557 2070 3626; x_wconf 90' lang='lat' dir='ltr'><strong>atque</strong></span> <span class='ocrx_word' id='word_1_274' title='bbox 2123 3547 2225 3606; x_wconf 90' lang='lat' dir='ltr'><strong>de·</strong></span> 
     </span>
     <span class='ocr_line' id='line_1_35' title="bbox 185 3645 2224 3725; baseline -0.001 -21"><span class='ocrx_word' id='word_1_275' title='bbox 185 3645 417 3705; x_wconf 88' lang='lat' dir='ltr'><strong>lebitur</strong></span> <span class='ocrx_word' id='word_1_276' title='bbox 444 3666 570 3706; x_wconf 91' lang='lat' dir='ltr'><strong>non</strong></span> <span class='ocrx_word' id='word_1_277' title='bbox 597 3648 780 3707; x_wconf 91' lang='lat' dir='ltr'><strong>modo</strong></span> <span class='ocrx_word' id='word_1_278' title='bbox 798 3646 951 3706; x_wconf 91' lang='lat' dir='ltr'><strong>haec</strong></span> <span class='ocrx_word' id='word_1_279' title='bbox 975 3652 1105 3705; x_wconf 92' lang='lat' dir='ltr'><strong>tam</strong></span> <span class='ocrx_word' id='word_1_280' title='bbox 1124 3646 1339 3706; x_wconf 90' lang='lat' dir='ltr'><strong>adulta</strong></span> <span class='ocrx_word' id='word_1_281' title='bbox 1359 3648 1450 3707; x_wconf 89' lang='lat' dir='ltr'><strong>rei</strong></span> <span class='ocrx_word' id='word_1_282' title='bbox 1469 3646 1754 3725; x_wconf 90' lang='lat' dir='ltr'><strong>publicae</strong></span> <span class='ocrx_word' id='word_1_283' title='bbox 1774 3646 1993 3723; x_wconf 79' lang='lat' dir='ltr'><strong>pestiS,</strong></span> <span class='ocrx_word' id='word_1_284' title='bbox 2014 3662 2224 3703; x_wconf 85' lang='lat' dir='ltr'><strong>verum</strong></span> 
     </span>
     <span class='ocr_line' id='line_1_36' title="bbox 185 3742 2313 3820; baseline -0.002 -16"><span class='ocrx_word' id='word_1_285' title='bbox 185 3743 383 3804; x_wconf 84' lang='lat' dir='ltr'><strong>etiam</strong></span> <span class='ocrx_word' id='word_1_286' title='bbox 412 3743 599 3820; x_wconf 88' lang='lat' dir='ltr'><strong>stirps</strong></span> <span class='ocrx_word' id='word_1_287' title='bbox 627 3761 702 3802; x_wconf 83' lang='lat' dir='ltr'><strong>ac</strong></span> <span class='ocrx_word' id='word_1_288' title='bbox 728 3762 952 3809; x_wconf 70' lang='lat' dir='ltr'><strong>semen,</strong></span> <span class='ocrx_word' id='word_1_289' title='bbox 965 3742 1266 3802; x_wconf 89' lang='lat' dir='ltr'><strong>malorum</strong></span> <span class='ocrx_word' id='word_1_290' title='bbox 1293 3742 1584 3803; x_wconf 91' lang='lat' dir='ltr'><strong>omnium.</strong></span> <span class='ocrx_word' id='word_1_291' title='bbox 2248 3751 2313 3801; x_wconf 78' lang='lat'><strong>35</strong></span> 
     </span>
    </p>

    <p class='ocr_par' dir='ltr' id='par_1_7' title="bbox 311 3836 2224 3918">
     <span class='ocr_line' id='line_1_37' title="bbox 311 3836 2224 3918; baseline 0 -21"><span class='ocrx_word' id='word_1_292' title='bbox 311 3837 494 3899; x_wconf 85' lang='grc' dir='ltr'><strong>ΧΠΙ.</strong></span> <span class='ocrx_word' id='word_1_293' title='bbox 539 3838 790 3899; x_wconf 87' lang='lat' dir='ltr'><strong>Etenim</strong></span> <span class='ocrx_word' id='word_1_294' title='bbox 815 3838 943 3918; x_wconf 87' lang='lat' dir='ltr'><strong>jam</strong></span> <span class='ocrx_word' id='word_1_295' title='bbox 969 3839 1096 3915; x_wconf 90' lang='lat' dir='ltr'><strong>diu,</strong></span> <span class='ocrx_word' id='word_1_296' title='bbox 1115 3844 1326 3917; x_wconf 89' lang='lat' dir='ltr'><strong>patres</strong></span> <span class='ocrx_word' id='word_1_297' title='bbox 1353 3837 1703 3914; x_wconf 87' lang='lat' dir='ltr'><strong>conscripti,</strong></span> <span class='ocrx_word' id='word_1_298' title='bbox 1721 3836 1787 3893; x_wconf 86' lang='lat' dir='ltr'><strong>in</strong></span> <span class='ocrx_word' id='word_1_299' title='bbox 1811 3836 1908 3895; x_wconf 90' lang='lat' dir='ltr'><strong>his</strong></span> <span class='ocrx_word' id='word_1_300' title='bbox 1936 3836 2224 3914; x_wconf 89' lang='lat' dir='ltr'><strong>periculis</strong></span> 
     </span>
    </p>
   </div>
  </div>
 </body>
</html>
