2725 4299
841 768 1263 833 MTULLII
1317 766 1773 834 CICERONIS

1269 931 1336 973 m

510 1067 650 1172 L.
796 1062 2092 1173 CATILINAM

808 1336 1278 1405 ORATIO
1366 1334 1802 1429 PRIMA,

950 1542 1208 1593 HABITA
1251 1541 1326 1591 IN
1382 1540 1654 1593 SENATU.

346 1859 397 1922 I.
458 1857 823 1935 QUOUSQUE
863 1858 1116 1919 tandem
1154 1857 1432 1934 abutere,
1460 1855 1749 1934 Catilina,
1789 1858 2095 1935 patientia
2135 1877 2271 1921 nos·

229 1963 325 2022 tra
338 1959 368 2018 Ρ
449 1955 652 2030 Quam
692 1957 800 2015 diu
836 1956 1023 2016 etiam
1058 1956 1227 2014 furor
1268 1955 1393 2014 iste
1436 1964 1582 2013 tuus
1625 1954 1836 2014 eludet
1853 1956 1883 2015 Ρ
1949 1953 2148 2028 Quem
2188 1956 2269 2016 ad

229 2054 413 2136 finem
456 2073 594 2113 sese
637 2054 932 2113 effrenata
987 2051 1253 2132 jactabit
1309 2050 1570 2110 audacia
1588 2052 1618 2111 Ρ
1713 2049 1969 2112 Nihilne
2017 2058 2083 2113 te
2130 2074 2269 2114 noc·

229 2158 479 2211 turnum
515 2152 890 2230 praesidium
931 2149 1179 2226 Palatii,
1205 2147 1361 2207 nihil
1403 2145 1570 2208 urbis
1598 2145 1867 2227 vigiliae,
1894 2148 2050 2209 nihil
2086 2151 2270 2211 timor

226 2247 465 2327 populi,
521 2247 676 2307 nihil
728 2266 1059 2308 concursus
1111 2246 1410 2306 bonorum
1464 2246 1752 2321 omnium,
1799 2246 1952 2305 nihil
1992 2247 2091 2306 hic
2145 2268 2270 2306 mu·
2294 2263 2325 2310 5

228 2346 572 2404 nitissimus
597 2344 869 2405 habendi
890 2349 1143 2404 senatus
1169 2342 1359 2419 locuS,
1380 2341 1534 2401 nihil
1562 2342 1781 2403 horum
1802 2363 1910 2403 ora
1935 2342 2269 2422 vultusque

227 2447 554 2502 moverunt
568 2443 598 2502 Ρ
674 2440 902 2502 Patere
941 2447 1054 2500 tua
1092 2439 1346 2500 consilia
1386 2459 1511 2499 non
1539 2440 1733 2500 sentis
1750 2441 1780 2500 Ρ
1861 2439 2270 2501 Consti-ictam

228 2540 503 2618 omnium
559 2538 774 2597 horum
834 2538 1095 2597 scientia
1134 2536 1338 2597 teneri
1395 2537 1883 2617 conjurationem
1928 2544 2098 2597 tuam
2146 2558 2271 2598 non

228 2635 408 2696 vides
426 2636 456 2695 Ρ
537 2632 702 2705 Quid
740 2636 1042 2713 proxima,
1080 2634 1230 2712 quid
1287 2635 1603 2713 superiore
1663 2641 1847 2695 nocte
1894 2637 2117 2712 egeris,
2165 2635 2271 2694 ubi

229 2732 439 2806 fueris,
468 2750 621 2808 quos
666 2731 1116 2807 convocaveriS,
1145 2732 1297 2809 quid
1344 2730 1587 2791 consilii
1628 2732 1884 2809 ceperis,
1911 2750 2093 2808 quem
2138 2750 2272 2791 nos·
2299 2747 2363 2796 10

230 2834 394 2887 trum
421 2828 704 2905 ignorare
733 2828 1038 2887 arbitraris
1058 2829 1087 2888 Ρ

353 2923 412 2984 Ο
467 2926 776 3002 tempora!
856 2923 916 2984 O
969 2927 1202 2987 mores!
1286 2924 1553 2986 Senatus
1599 2925 1752 2987 haec
1791 2926 2108 3007 intelligit,
2138 2948 2275 2988 con-

235 3021 329 3079 sul
380 3020 593 3081 videt:
656 3020 755 3081 hic
793 3027 1002 3081 tamen
1055 3023 1228 3083 vivit.
1315 3022 1544 3084 Vivit?
1625 3024 1822 3084 Immo
1882 3046 2029 3086 vero
2082 3027 2273 3087 etiam

236 3119 301 3175 in
342 3123 620 3177 senatum
671 3118 860 3193 venit,
908 3118 978 3176 fit
1018 3118 1251 3196 publici
1304 3119 1542 3178 consilii
1601 3120 1936 3199 particepS,
1983 3123 2160 3183 notat
2207 3130 2274 3184 et

236 3215 520 3293 designat
563 3214 751 3274 oculis
795 3216 875 3274 ad
936 3216 1185 3276 caedem
1211 3232 1400 3275 unum
1428 3236 1731 3296 quemque
1759 3224 2052 3280 nostrum.
2138 3220 2269 3279 Nos
2299 3234 2362 3282 15

238 3318 463 3386 autem,
490 3312 605 3370 viri
630 3312 841 3388 forteS,
864 3314 1015 3371 satis
1042 3313 1243 3372 facere
1269 3313 1358 3371 rei
1387 3313 1665 3390 publicae
1685 3314 1980 3390 videmur,
2008 3317 2060 3375 si
2088 3317 2269 3375 istius

238 3408 498 3467 furorem
526 3427 598 3466 ac
624 3408 752 3468 tela
783 3410 1065 3469 vitemus.

356 3502 462 3561 Ad
491 3510 748 3564 mortem
775 3511 863 3581 te,
890 3504 1178 3581 Catilina,
1206 3504 1349 3563 duci
1375 3504 1552 3584 jussu
1591 3507 1859 3567 consulis
1882 3508 2011 3586 jam
2036 3507 2273 3585 pridem

240 3599 583 3680 oportebat,
630 3601 695 3659 in
744 3607 810 3661 te
859 3602 1115 3661 conferri
1154 3606 1397 3679 pestem
1442 3602 1646 3679 istam,
1693 3623 1877 3681 quam
1930 3609 2001 3661 tu
2047 3603 2112 3660 in
2158 3621 2273 3661 nos

240 3694 621 3757 machinaris,
707 3695 814 3755 An
855 3718 1003 3758 vero
1044 3699 1138 3758 vir
1176 3696 1610 3775 amplissimuS,
1638 3698 1706 3759 P.
1740 3698 1965 3777 Scipio,
1992 3698 2272 3776 pontifex
2298 3711 2365 3760 20

242 3793 559 3870 maximus,
600 3793 694 3854 Ti.
726 3792 1086 3871 Gracchum,
1114 3794 1502 3854 mediocriter
1540 3794 2015 3854 labefactantem
2044 3800 2275 3855 statum
