2725 4299
693 277 782 328 DE
826 278 1102 327 IMPERIO
1150 277 1248 329 GN.
1284 278 1560 329 POMPEII
1604 279 1862 330 ORATIO.
1889 299 1906 308 ’
2273 282 2349 346 79

190 440 526 520 praecipuo
574 442 711 521 jure
761 461 899 501 esse
945 441 1202 502 deberet
1221 444 1252 504 ‘1'
1331 443 1431 502 De
1474 461 1598 520 quo
1643 443 1914 521 legando
1962 444 2244 503 consules

192 557 371 615 spero
397 539 483 597 ad
524 545 808 598 senatum
836 538 1157 600 relaturos,
1242 537 1368 612 Qui
1396 540 1452 598 si
1479 539 1854 599 dubitabunt
1885 547 1994 599 aut
2032 559 2245 618 grava-

191 636 441 711 buntur,
482 655 606 714 ego
644 646 750 694 ‘me
797 635 1092 711 profiteor
1138 635 1496 712 relaturum,
1540 655 1741 713 neque
1794 656 1895 695 me
1948 637 2245 714 impediet

191 732 555 811 cujusquam
598 731 909 790 inimicum
954 732 1239 807 edictum,
1270 752 1392 809 quo
1435 731 1637 790 mmus
1677 733 1867 791 fretus
1906 731 2081 793 vobis
2114 753 2244 792 ves-

189 838 354 887 trum
396 829 503 908 jus
536 827 1023 905 beneficiumque
1066 828 1413 904 defendam,
1441 848 1642 905 neque
1683 835 1930 906 praeter
1956 829 2245 888 interces-
2268 845 2297 890 5

190 925 426 984 sionem
454 924 787 1003 quidquam
817 924 1101 999 audiam3
1144 923 1223 983 de
1252 944 1396 1001 qua,
1424 932 1497 982 ut
1523 924 1802 1000 arbitror,
1829 924 1939 982 isti
1967 925 2106 1001 ipsi,
2133 925 2240 1001 qui

189 1023 523 1098 minantur,
573 1022 758 1080 etiam
814 1026 1002 1098 atque
1061 1021 1254 1080 etiam
1301 1021 1457 1098 quid
1508 1020 1695 1080 liceat
1750 1020 2239 1080 considerabunt.

190 1118 333 1178 Mea
380 1119 631 1197 quidem
679 1117 1011 1192 sententia,
1060 1114 1359 1192 Quirites,
1409 1135 1570 1174 unus
1614 1114 1694 1176 A.
1744 1115 2048 1176 Gabinius
2092 1115 2242 1175 belli

187 1215 485 1274 maritimi
511 1233 831 1291 rerumque
871 1219 1187 1292 gestarum
1219 1212 1330 1272 Cn.
1362 1212 1663 1290 Pompeio
1703 1213 1905 1272 socius
1944 1211 2239 1273 adscribi-

189 1319 309 1387 tur,
349 1317 682 1388 propterea
729 1309 896 1388 quod
944 1309 1103 1370 alter
1151 1309 1258 1367 uni
1305 1307 1461 1380 illud
1511 1307 1738 1368 bellum
1788 1310 2239 1389 suscipiendum
2269 1328 2331 1376 10

188 1408 412 1469 vestris
459 1407 769 1485 suffragiis
796 1406 1037 1483 detulit,
1066 1406 1225 1466 alter
1268 1405 1545 1465 delatum
1591 1414 2064 1485 susceptumque
2104 1427 2240 1467 con·

189 1505 354 1565 fecit.

308 1600 457 1662 XX.
503 1599 836 1679 Reliquum
881 1607 980 1661 est
1024 1607 1095 1659 ut
1139 1600 1218 1660 de
1246 1598 1321 1673 Q.
1355 1598 1562 1659 Catuli
1592 1601 1960 1659 auctoritate
2002 1607 2068 1659 et
2108 1620 2241 1660 sen-

188 1697 391 1757 tentia
419 1698 743 1758 dicendum
772 1719 908 1758 esse
928 1697 1230 1758 videatur.
1317 1694 1441 1768 Qui
1470 1716 1656 1774 quum
1686 1717 1764 1756 ex
1785 1697 1961 1757 vobis
1990 1716 2239 1773 quaere·

190 1804 305 1870 ret,
354 1795 410 1854 si
454 1795 520 1853 in
567 1815 691 1854 uno
733 1794 840 1855 On.
886 1794 1183 1873 Pompeio
1237 1795 1444 1854 omnia
1488 1795 1822 1873 poneretiS,
1876 1795 1929 1852 si
1969 1795 2116 1871 quid
2160 1814 2237 1853 eo
2266 1811 2326 1858 15

188 1877 418 1950 factum
460 1898 648 1968 esset,
674 1892 739 1949 in
772 1911 895 1969 quo
940 1912 1114 1970 spem
1155 1892 1381 1952 essetis
1423 1891 1711 1966 habituri,
1740 1893 1908 1968 cepit
1949 1911 2239 1969 magnum

189 2008 338 2047 suae
366 1988 616 2048 virtutis
643 1989 907 2048 fructum
949 2009 1020 2048 ac
1047 1988 1398 2067 dignitatis,
1427 2008 1615 2067 quum
1647 2007 1859 2047 omnes
1886 2008 2008 2045 una
2048 2007 2239 2066 prope

188 2105 340 2146 voce
370 2086 438 2143 in
464 2086 601 2163 ipso
620 2106 732 2146 vos
759 2106 931 2165 spem
958 2085 1277 2146 habituros
1298 2106 1437 2146 esse
1459 2086 1724 2146 dixistis,
1815 2084 2065 2144 Etenim
2090 2084 2237 2144 talis

189 2194 288 2243 est
313 2184 427 2259 vir,
455 2193 529 2241 ut
556 2169 723 2242 nulla
746 2203 847 2244 res
873 2190 1050 2243 tanta
1078 2185 1163 2243 sit
1191 2205 1263 2244 ac
1293 2191 1422 2244 tam
1450 2185 1728 2263 difficilis,
1761 2207 1939 2266 quam
1967 2189 2071 2250 ille
2110 2209 2233 2250 non

190 2290 255 2341 et
295 2280 547 2341 consilio
589 2301 804 2359 regere
849 2288 916 2342 et
957 2282 1324 2361 integritate
1368 2283 1529 2343 tueri
1578 2291 1645 2344 et
1669 2286 1901 2347 virtute
1943 2288 2234 2348 conficere
2261 2298 2326 2345 20

188 2379 402 2456 possit.
492 2377 617 2437 Sed
657 2378 723 2435 in
765 2378 882 2438 hoc
924 2379 1064 2459 ipso
1108 2380 1187 2438 ab
1227 2400 1304 2440 eo
1331 2382 1873 2445 vehementissime
1916 2385 2234 2461 dissentiO,

189 2476 371 2551 quod,
401 2495 525 2553 quo
552 2475 754 2534 minus
783 2481 952 2535 certa
980 2483 1079 2535 est
1107 2475 1421 2537 hominum
1448 2500 1521 2540 ac
1546 2483 1752 2541 minus
1780 2483 2067 2541 diuturna
2085 2479 2235 2557 vita,

187 2571 302 2631 hoc
328 2572 530 2649 magis
557 2591 654 2631 res
697 2572 964 2649 publica,
993 2573 1140 2632 dum
1182 2594 1294 2652 per
1321 2575 1474 2637 deos
1514 2578 1883 2639 immortales
1923 2578 2090 2653 licet,
2116 2578 2235 2636 frui

189 2668 377 2728 debet
405 2669 628 2727 summi
656 2669 771 2728 viri
797 2669 928 2730 vita
956 2676 1141 2748 atque
1169 2671 1419 2734 virtute.

308 2763 402 2823 At
421 2765 591 2824 enim
617 2785 696 2825 ne
717 2767 866 2843 quid
893 2767 1041 2827 novi
1069 2768 1177 2827 fiat
1197 2778 1412 2830 contra
1433 2770 1716 2849 exempla
1737 2776 1925 2848 atque
1950 2770 2235 2829 instituta
2260 2779 2323 2827 26

186 2863 504 2941 majorum
538 2928 541 2931 ,
588 2860 732 2922 Non
761 2863 960 2922 dicam
1002 2863 1117 2925 hoc
1145 2867 1303 2944 loco,
1336 2869 1596 2947 majores
1636 2873 1880 2927 nostros
1907 2887 2147 2946 semper
2169 2868 2236 2926 in

185 2979 336 3036 pace
386 2959 837 3036 consuetudini,
880 2961 947 3018 in
994 2960 1159 3023 bello
1208 2964 1475 3024 utilitati
1524 2965 1825 3043 paruisse,
1870 2985 2109 3043 semper
2155 2966 2235 3026 ad

185 3052 378 3115 novos
399 3074 577 3115 casus
602 3061 948 3134 temporum
978 3079 1273 3120 novorum
1295 3061 1681 3121 consiliorum
1709 3062 1980 3122 rationes
2007 3083 2236 3122 accom-

186 3153 509 3228 modasse3
557 3171 683 3210 non
725 3153 946 3231 dicam,
994 3157 1117 3216 duo
1160 3157 1326 3217 bella
1371 3158 1653 3234 maxima,
1700 3157 1998 3218 Punicum
2047 3166 2233 3237 atque

185 3248 619 3325 Hispaniense,
641 3250 719 3308 ab
741 3271 865 3310 uno
894 3252 1263 3330 imperatore
1286 3274 1423 3315 esse
1445 3256 1724 3314 confecta
1746 3256 2021 3334 duasque
2048 3257 2231 3316 urbes
2259 3266 2323 3312 30

186 3347 667 3423 potentissimaS,
718 3367 876 3424 quae
931 3349 1077 3408 huic
1131 3352 1388 3430 imperio
1441 3353 1703 3412 maxime
1771 3354 2230 3427 minitabantur,

186 3442 636 3521 Karthaginem
686 3452 874 3522 atque
918 3445 1339 3524 Numantiam,
1384 3449 1463 3507 ab
1507 3449 1723 3509 eodem
1770 3449 2051 3527 Scipione
2094 3467 2232 3506 esse

184 3539 461 3614 deletas;
505 3561 629 3599 non
676 3543 1181 3619 commemorabo,
1224 3564 1425 3620 nuper
1472 3546 1560 3603 ita
1603 3546 1782 3607 vobis
1829 3543 2231 3621 patribusque

183 3637 406 3696 vestris
437 3657 576 3696 esse
608 3638 825 3714 visum,
855 3644 926 3696 ut
955 3638 1017 3695 in
1046 3659 1171 3698 uno
1201 3639 1267 3700 O.
1298 3639 1496 3700 Mario
1536 3662 1679 3719 spes
1706 3640 1945 3716 imperii
1983 3656 2230 3714 ponere-

181 3739 303 3809 tur,
331 3739 404 3791 ut
448 3734 612 3793 idem
654 3754 790 3793 cum
835 3732 1167 3812 Jugurtha,
1196 3735 1361 3796 idem
1400 3757 1539 3795 cum
1581 3736 1860 3808 Cimbris,
1887 3734 2051 3791 idem
2093 3752 2228 3790 cum
2258 3744 2321 3791 85

181 3828 480 3890 Teutonis
526 3830 757 3891 bellum
799 3830 1272 3893 administraret.
1359 3832 1431 3890 In
1474 3833 1612 3909 ipso
1654 3831 1764 3891 Cn.
1810 3827 2126 3905 PompeiO,
2165 3829 2231 3888 in
2411 3818 2416 3827 ’
