2725 4299
355 237 433 299 78
842 234 928 282 DE
974 234 1250 283 IMPERIO
1297 233 1399 282 CN.
1435 233 1709 284 POMPEII
1752 233 2011 284 ORATIO.

455 396 796 475 ginienseS,
816 395 1093 456 homines
1113 397 1177 454 in
1204 396 1532 455 maritimis
1559 396 1741 454 rebus
1762 395 2307 457 exercitatissimos
2333 416 2518 477 para-

456 493 874 570 tissimosque,
894 493 1190 569 vicerunt,
1212 494 1255 549 ii
1283 492 1456 551 nullo
1481 493 1544 550 in
1567 492 1703 551 loco
1728 493 1856 571 jam
1881 493 2299 570 praedonibus
2326 515 2517 573 pares

457 610 595 649 esse
634 597 1006 667 poteramus,
1089 589 1244 665 Nos,
1273 590 1382 666 qui
1423 595 1609 647 antea
1648 609 1773 648 non
1800 590 1985 649 modo
2026 590 2272 648 Italiam
2301 597 2516 651 tutam

456 685 850 760 habebamuS,
871 685 982 743 sed
1009 705 1221 745 omnes
1242 685 1442 744 socios
1469 686 1536 742 in
1563 685 1797 744 ultimis
1823 687 1948 745 oris
1977 688 2345 748 auctoritate
2372 709 2520 749 nos·

403 796 432 842 5
460 784 538 841 tri
580 781 820 859 imperii
860 779 1063 839 salvos
1107 787 1419 858 praestare
1462 787 1837 859 poteramus,
1881 789 2034 859 tum,
2069 804 2258 861 quum
2301 785 2519 845 insula

458 879 670 954 Delos,
698 884 826 936 tam
867 876 1081 955 procul
1109 897 1147 936 a
1174 878 1354 936 nobis
1395 878 1461 935 in
1487 877 1748 956 Aegaeo
1777 880 1929 937 mari
1969 881 2193 958 posita,
2224 902 2351 959 quo
2387 903 2519 942 om-

457 997 570 1036 nes
597 975 870 1054 undique
896 995 1035 1035 cum
1073 975 1379 1034 mercibus
1407 981 1593 1053 atque
1623 976 1912 1035 oneribus
1941 979 2391 1055 commeabant,
2421 1000 2520 1038 re—

458 1076 620 1134 ferta
661 1072 920 1147 divitiis,
963 1091 1171 1150 parva,
1216 1072 1348 1130 sine
1391 1091 1584 1147 marc,
1629 1072 1784 1130 nihil
1828 1073 2111 1149 timebat,
2155 1075 2345 1133 iidem
2383 1096 2518 1134 non

458 1172 641 1230 modo
681 1167 1013 1247 provinciis
1054 1174 1240 1246 atque
1284 1168 1407 1227 oris
1454 1167 1677 1229 Italiae
1721 1170 2045 1229 maritimis
2089 1191 2161 1229 ac
2203 1171 2518 1249 portubus

375 1277 436 1324 10
460 1266 705 1341 nostriS,
733 1265 845 1324 sed
888 1265 1074 1324 etiam
1101 1263 1313 1341 Appia
1355 1264 1498 1342 jam
1509 1265 1614 1324 via
1651 1266 2020 1326 carebamus,
2107 1266 2195 1325 Et
2237 1268 2315 1326 iis
2360 1273 2520 1327 tem-

460 1363 711 1441 poribus
754 1382 877 1421 non
919 1361 1195 1439 pudebat
1242 1361 1641 1439 magistratus
1685 1363 1899 1440 populi
1945 1362 2207 1421 Romani
2236 1364 2302 1421 in
2347 1364 2519 1423 hunc

460 1460 662 1537 ipsum
706 1458 906 1517 locum
950 1458 1297 1533 escendere,
1345 1476 1533 1534 quum
1578 1477 1719 1517 eum
1767 1459 1946 1518 nobis
1993 1461 2262 1538 majores
2311 1460 2520 1519 nostri

461 1555 701 1617 exuviis
728 1555 991 1613 nauticis
1018 1562 1085 1614 et
1111 1554 1396 1614 classium
1425 1553 1636 1633 spoliis
1665 1563 1950 1614 ornatum
1977 1557 2390 1634 reliquissent.

582 1651 758 1712 XIX.
804 1651 982 1711 Bono
1028 1658 1095 1710 te
1144 1651 1351 1711 animo
1400 1657 1556 1728 tum,
1598 1650 1672 1724 Q.
1719 1651 2032 1729 Hortensi,
2073 1654 2344 1731 populus
2395 1655 2521 1713 Ro-

378 1762 437 1810 15
465 1769 680 1808 manus
707 1756 773 1809 et
800 1755 1051 1824 ceterOS,
1083 1749 1187 1826 qui
1216 1755 1394 1808 erant
1419 1750 1485 1807 in
1513 1750 1727 1809 eadem
1756 1751 2087 1826 sententia,
2118 1752 2327 1810 dicere
2358 1754 2523 1811 exis-

462 1845 707 1906 timavit
733 1866 808 1905 ea
836 1865 993 1924 quae
1037 1846 1439 1921 sentiebatis;
1482 1847 1594 1905 sed
1632 1852 1840 1905 tamen
1879 1848 1944 1904 in
1973 1847 2173 1906 salute
2202 1849 2521 1907 communi

462 1942 632 2004 idem
671 1939 935 2018 populus
978 1938 1290 1998 Romanus
1317 1940 1513 1999 dolori
1543 1961 1652 1999 suo
1682 1939 1899 1999 maluit
1926 1961 2108 2019 quam
2151 1943 2524 2001 auctoritati

462 2046 706 2101 vestrae
734 2039 1174 2114 obtemperare.
1261 2037 1484 2114 Itaque
1514 2058 1633 2095 una
1658 2037 1780 2113 lex,
1810 2058 1967 2096 unus
1995 2039 2107 2114 vir,
2128 2058 2289 2097 unus
2318 2060 2525 2098 annus

463 2157 587 2196 non
607 2133 790 2192 modo
809 2154 922 2192 nos
949 2132 1053 2191 illa
1074 2134 1318 2192 miseria
1342 2155 1416 2193 ac
1442 2134 1828 2212 turpitudine
1855 2134 2163 2212 liberavit,
2187 2136 2301 2195 sed
2321 2137 2523 2196 etiam
2566 2199 2569 2202 .

286 2284 293 2293 .
377 2245 441 2292 20
467 2239 694 2313 effecit,
720 2245 792 2296 ut
837 2233 1163 2314 aliquando
1205 2252 1349 2292 vere
1387 2232 1732 2292 videremur
1775 2233 2060 2292 omnibus
2103 2234 2402 2311 gentibus
2449 2255 2527 2294 ac

465 2335 818 2395 nationibus
844 2339 1008 2393 terra
1038 2329 1308 2406 marique
1349 2329 1663 2407 imperare.
1748 2327 1888 2402 Quo
1921 2329 2070 2387 mihi
2100 2331 2289 2388 etiam
2317 2329 2527 2409 indig-

465 2433 602 2492 nius
630 2433 875 2493 videtur
918 2430 1328 2490 obtrectatum
1375 2445 1513 2501 esse
1558 2425 1775 2501 adhuc,
1805 2424 2074 2486 Gabinio
2117 2427 2315 2485 dicam
2358 2448 2527 2488 anne

468 2530 765 2608 Pompeio
809 2549 887 2588 an
931 2527 1193 2605 utrique,
1240 2522 1307 2582 id
1349 2522 1517 2600 quod
1561 2528 1660 2582 est
1686 2523 1910 2599 verius,
1950 2543 2030 2583 ne
2071 2522 2390 2601 legaretur
2434 2525 2519 2585 A.

469 2626 767 2688 Gabinius
790 2625 899 2686 Cn.
925 2624 1224 2702 Pompeio
1251 2619 1571 2699 expetenti
1594 2639 1665 2677 ac
1690 2619 2049 2696 postulanti.
2134 2620 2361 2679 Utrum
2390 2622 2524 2698 ille,

381 2729 443 2775 25
471 2726 576 2803 qui
602 2724 880 2803 postulat
907 2723 985 2782 ad
1014 2727 1256 2780 tantum
1285 2717 1515 2778 bellum
1545 2714 1825 2793 legatum
1852 2736 2037 2794 quem
2063 2717 2235 2793 velit,
2256 2718 2524 2778 idoneus

469 2842 592 2882 non
619 2827 718 2881 est
746 2821 851 2899 qui
892 2820 1198 2896 impetret,
1228 2836 1417 2893 quum
1449 2815 1640 2875 ceteri
1681 2814 1760 2872 ad
1802 2813 2163 2891 expilandos
2205 2817 2405 2875 socios
2434 2816 2526 2875 di-

470 2916 901 2992 ripiendasque
948 2911 1294 2989 provincias
1322 2929 1479 2987 quos
1511 2907 1841 2970 voluerunt
1880 2908 2124 2987 legatos
2152 2909 2524 2986 eduxerint3

471 3032 550 3069 an
578 3011 732 3087 ipse,
760 3009 933 3087 cujus
977 3007 1121 3085 lege
1149 3005 1320 3064 salus
1344 3026 1417 3065 ac
1444 3006 1716 3084 dignitas
1760 3005 1986 3083 populo
2022 3004 2301 3066 Romano
2329 3017 2524 3083 atque

472 3106 759 3165 omnibus
798 3104 1089 3184 gentibus
1117 3102 1454 3163 constituta
1481 3107 1596 3178 est,
1629 3123 1851 3181 expers
1894 3121 2030 3161 esse
2058 3101 2249 3161 debet
2283 3103 2525 3180 gloriae

382 3212 447 3258 30
475 3203 609 3282 ejus
651 3202 1031 3281 imperatoris
1059 3200 1409 3277 atqueejus
1436 3199 1765 3275 exercituS,
1798 3199 1905 3276 qui
1935 3198 2190 3258 consilio
2227 3199 2421 3275 ipsius
2449 3221 2525 3258 ao

474 3298 746 3379 periculo
791 3306 889 3359 est
931 3299 1303 3358 constitutus
1327 3297 1356 3356 ‘1‘
1437 3294 1546 3354 An
1591 3295 1656 3356 C.
1707 3295 2040 3372 Falcidius,
2089 3293 2163 3368 Q.
2208 3294 2525 3373 MetelluS,

473 3398 546 3471 Q.
580 3396 826 3457 Caelius
868 3394 1259 3469 LatiniensiS,
1290 3391 1401 3452 Cn.
1443 3391 1766 3470 LentuluS,
1810 3413 1964 3471 quos
2013 3411 2224 3452 omnes
2271 3391 2526 3452 honoris

473 3515 655 3555 causa
697 3493 963 3568 nomino,
993 3511 1179 3569 quum
1222 3489 1452 3548 tribuni
1492 3487 1694 3566 plebis
1723 3490 2009 3566 fuissent,
2042 3509 2204 3547 anno
2247 3491 2527 3566 proximo

472 3591 668 3670 legati
695 3609 829 3650 esse
869 3593 1243 3666 potuerunt3
1285 3588 1349 3644 in
1378 3607 1501 3645 uno
1532 3584 1797 3646 Gabinio
1835 3592 1981 3645 sunt
2009 3591 2134 3643 tam
2168 3584 2527 3664 diligentes,

386 3699 448 3746 35
476 3689 583 3766 qui
609 3689 678 3745 in
716 3687 831 3745 hoc
858 3684 1042 3759 bello,
1072 3683 1238 3761 quod
1264 3682 1407 3760 lege
1436 3680 1706 3741 Gabinia
1739 3683 1999 3760 geritur,
2027 3682 2094 3739 in
2120 3681 2239 3741 hoc
2268 3683 2530 3762 impera—

476 3789 608 3842 tore
653 3787 839 3858 atque
888 3780 1186 3854 exercitu,
1229 3798 1412 3854 quem
1456 3797 1569 3854 per
1610 3797 1720 3837 vos
1764 3779 1900 3855 ipse
1946 3778 2289 3856 constituit,
2336 3781 2527 3840 etiam
