2725 4299
386 258 465 318 40
905 247 978 297 IN
1023 242 1389 295 CATILINAM
1433 239 1677 291 ORATIO
1723 237 2008 297 QUABTA„

490 421 615 491 vet,
645 420 985 475 ceterorum
1014 408 1453 488 suppliciorum
1480 422 1695 463 omnes
1724 403 2094 462 acerbitates
2121 400 2547 480 amplectitur.

489 514 770 589 Uterque
799 515 867 570 et
894 526 1006 587 pro
1034 527 1147 566 sua
1175 503 1490 582 dignitate
1533 507 1600 560 et
1628 518 1740 577 pro
1767 519 1970 558 rerum
2011 499 2449 576 magnitudine
2480 497 2554 555 in

489 629 723 673 summa
753 605 1085 666 severitate
1113 606 1414 664 versatur.
1499 596 1686 655 Alter
1717 615 1846 671 eoS,
1875 597 1983 672 qui
2012 615 2125 655 nos
2168 614 2381 653 omnes
2411 594 2552 655 vita

488 709 730 788 privare
777 702 983 763 conati
1034 705 1200 774 sunt,
1229 696 1334 774 qui
1371 694 1579 754 delere
1628 691 1982 782 imperium,
2002 692 2108 769 qui
2158 689 2373 769 populi
2421 690 2552 749 Ro-

433 822 461 868 5
490 803 652 863 mani
698 818 924 861 nomen
974 794 1398 870 exstinguere,
1429 794 1730 868 punctum
1778 786 2079 866 temporis
2128 786 2249 844 frui
2291 786 2427 846 vita
2476 792 2552 845 et

487 901 605 960 hoc
649 895 954 959 communi
996 891 1220 971 spiritu
1247 908 1372 947 non
1416 892 1603 965 putat
1644 890 1949 962 oportere,
1977 893 2165 961 atque
2193 883 2310 942 hoo
2337 903 2550 960 genus

487 1016 728 1077 poenae
776 1012 963 1071 saepe
1011 991 1076 1048 in
1121 984 1463 1065 improbos·
1490 984 1657 1042 cives
1711 982 1777 1038 in
1817 981 1934 1039 hac
1991 1002 2076 1071 re⁸
2112 979 2360 1058 publica
2404 999 2550 1039 esse

488 1098 848 1172 usurpatum
874 1087 1242 1149 recordatur.
1332 1080 1519 1140 Alter
1544 1077 1847 1156 intelligit
1883 1088 2148 1136 mortem
2178 1077 2256 1136 ab
2285 1077 2405 1135 diis
2435 1077 2551 1134 im-

488 1189 849 1250 mortalibus
892 1204 1017 1244 non
1058 1202 1196 1243 esse
1244 1178 1532 1258 supplicii
1576 1196 1762 1236 causa
1807 1175 2229 1251 constitutam,
2274 1174 2386 1234 sed
2433 1180 2551 1233 aut

404 1303 467 1350 10
489 1286 921 1347 necessitatem
960 1288 1219 1340 naturae
1247 1284 1358 1337 aut
1400 1275 1677 1335 laborum
1707 1293 1780 1332 ac
1821 1272 2202 1332 miseriarum
2243 1271 2545 1349 quietem.

488 1383 710 1460 Itaque
754 1400 891 1440 eam
920 1378 1234 1456 sapientes
1282 1391 1597 1450 nunquam
1644 1369 1846 1446 inviti,
1877 1370 2071 1429 fortes
2112 1388 2302 1446 saepe
2347 1368 2548 1427 etiam

489 1478 754 1538 libenter
806 1476 1259 1555 oppetiverunt.
1376 1467 1643 1529 Vincula
1690 1486 1858 1543 vern,
1909 1472 1977 1526 et
2024 1486 2100 1526 ea
2144 1465 2547 1543 sempiterna,

490 1581 656 1636 certe
699 1574 779 1633 ad
807 1572 1183 1650 singularem
1226 1589 1491 1648 poenam
1535 1565 1753 1626 nefarii
1783 1563 2029 1624 sceleris
2075 1564 2333 1622 inventa
2373 1569 2547 1624 sunt.

491 1671 845 1749 Municipiis
895 1669 1208 1747 dispertiri
1265 1668 1459 1747 jubet.
1565 1664 1818 1724 Habere
1846 1664 2097 1725 videtur
2142 1663 2263 1721 ista
2309 1682 2409 1721 res
2459 1663 2551 1720 in·

406 1787 465 1832 15
493 1771 837 1849 iquitatem,
866 1768 918 1826 si
944 1768 1241 1844 imperare
1269 1763 1458 1839 velis3
1503 1761 1951 1837 difficultatem,
1969 1761 2023 1819 si
2043 1779 2293 1838 rogare:
2338 1759 2551 1819 decer-

470 1850 674 1927 'natur
700 1873 927 1939 tamen,
957 1864 1009 1922 si
1048 1863 1270 1941 placet.
1356 1860 1497 1938 Ego
1526 1861 1690 1920 enim
1735 1859 2092 1938 suscipiam,
2122 1862 2206 1932 et,
2237 1863 2309 1915 ut
2338 1877 2547 1936 sper-0,

490 1964 807 2040 reperiam,
856 1962 963 2039 qui
1007 1960 1091 2035 id,
1141 1958 1309 2037 quod
1353 1957 1569 2016 salutis
1626 1958 1898 2017 omnium
1943 1976 2127 2017 causa
2173 1956 2547 2031 statueritiS,

490 2080 614 2117 non
657 2064 882 2136 putent
928 2076 1064 2116 esse
1094 2076 1242 2114 suae
1286 2054 1612 2133 dignitatis
1658 2075 1956 2115 recusare.
2045 2051 2365 2133 Adjungit
2403 2073 2548 2131 gra-

491 2176 629 2215 vem
676 2174 942 2232 poenam
988 2152 1358 2230 municipiis,
1409 2153 1462 2211 si
1516 2153 1652 2230 quis
1699 2173 1908 2213 eorum
1958 2151 2206 2213 vincula
2260 2152 2539 2228 ruperit:

404 2267 468 2313 20
491 2250 808 2310 horribiles
850 2249 1162 2310 custodias
1205 2249 1541 2309 circumdat
1580 2257 1647 2310 et
1690 2251 1916 2329 dignas
1949 2250 2179 2311 scelere
2221 2248 2544 2308 hominum

493 2346 887 2425 perditorum.
989 2344 1201 2405 Sancit
1254 2366 1332 2405 ne
1388 2347 1528 2424 quis
1587 2367 1800 2407 eorum
1858 2368 2141 2425 poenam,
2191 2366 2347 2424 quos
2403 2366 2542 2405 con-

490 2444 759 2520 demnat,
788 2451 898 2502 aut
940 2463 1050 2521 per
1087 2450 1370 2503 senatum
1414 2453 1522 2503 aut
1551 2465 1662 2523 per
1708 2446 2007 2524 populum
2050 2445 2251 2523 possit
2294 2443 2540 2504 levare:

493 2542 674 2619 eripit
716 2542 903 2602 etiam
931 2561 1123 2619 spem,
1153 2561 1309 2619 quae
1337 2541 1471 2600 sola
1506 2541 1785 2602 homines
1833 2544 1897 2601 in
1926 2542 2190 2603 miseriis
2236 2540 2545 2601 consolari

494 2639 669 2700 solet.
755 2638 932 2699 Bona
979 2644 1300 2717 praeterea
1349 2638 1650 2717 publicari
1698 2640 1908 2719 jubet:
1966 2640 2159 2701 vitam
2209 2638 2403 2698 solam
2453 2657 2546 2696 re-

404 2748 466 2795 25
493 2737 717 2815 linquit
760 2737 1004 2796 nefariis
1048 2735 1421 2811 hominibus,
1451 2755 1635 2813 quam
1681 2737 1734 2796 si
1763 2737 2111 2815 eripuisset,
2141 2736 2369 2794 multas
2412 2753 2545 2793 uno

492 2834 704 2892 dolore
748 2834 935 2891 animi
961 2839 1147 2909 atque
1193 2833 1462 2911 corporis
1511 2854 1836 2893 aerumnas
1881 2840 2188 2894 et'omnes
2238 2832 2542 2892 scelerum

492 2948 724 3006 poenas
752 2929 1103 2987 ademisset.
1190 2929 1412 3007 Itaque
1442 2936 1514 2988 ut
1543 2930 1750 3008 aliqua
1778 2931 1842 2988 in
1868 2930 2000 2991 vita
2030 2930 2289 2989 formido
2317 2930 2541 3006 impro-

491 3024 588 3084 bis
636 3031 807 3083 esset
846 3026 1067 3101 posita,
1097 3027 1264 3104 apud
1307 3027 1541 3087 inferos
1587 3028 1722 3107 ejus
1764 3028 1931 3087 modi
1958 3028 2262 3105 quaedam
2302 3026 2395 3085 illi
2437 3047 2543 3085 an«

491 3121 650 3198 tiqui
692 3121 989 3198 supplicia
1031 3123 1242 3201 impiis
1289 3125 1630 3184 constituta
1675 3145 1812 3186 esse
1854 3124 2198 3200 voluerunt,
2240 3123 2409 3201 quod
2449 3124 2542 3183 vi·

405 3232 468 3279 30
493 3216 718 3277 delicet
770 3218 1207 3299 intelligebant
1253 3222 1332 3281 iis
1377 3222 1631 3282 remotis
1675 3242 1802 3281 non
1850 3242 1987 3282 esse
2031 3227 2289 3281 mortem
2335 3221 2543 3299 ipsam

492 3315 1056 3393 pertimescendam.
1619 3391 1626 3394 ¹

611 3409 692 3473 V.
738 3412 920 3473 Nunc
963 3435 1101 3493 eg0,
1131 3423 1339 3493 patres
1384 3415 1737 3494 conscripti,
1767 3436 1907 3475 mea
1934 3416 2117 3477 video
2159 3415 2312 3492 quid
2352 3414 2576 3474 inter-'

491 3510 592 3570 sit.
679 3508 746 3568 Si
775 3511 944 3569 eritis
974 3511 1171 3571 secuti
1201 3513 1577 3572 sententiam
1618 3510 1684 3571 C.
1719 3510 2018 3588 CaesariS,
2048 3511 2338 3589 quoniam
2377 3511 2541 3571 hanc

490 3606 544 3664 is
582 3606 648 3663 in
676 3626 742 3666 re
786 3606 1031 3685 publica
1059 3606 1243 3681 viam,
1273 3628 1431 3685 quae
1469 3607 1785 3685 popularis
1825 3608 2107 3683 habetur,
2138 3613 2388 3670 secutus
2417 3614 2539 3683 est,

404 3712 466 3758 35
493 3703 754 3764 fortasse
783 3705 985 3763 minus
1013 3710 1210 3779 erunt,
1237 3704 1355 3764 hoc
1384 3710 1634 3765 auctore
1662 3712 1729 3764 et
1756 3705 2075 3783 cognitore
2114 3703 2372 3783 hujusce
2404 3724 2542 3763 sen-

498 3801 752 3873 tentiae,
790 3801 940 3857 mihi
980 3801 1313 3878 populares
1356 3801 1624 3877 impetus
1665 3801 2172 3878 pertimescendi:
2218 3801 2314 3859 sin
2362 3801 2533 3862 illam
2626 3864 2636 3871 ,
