2725 4299
218 245 227 258 =
299 229 377 290 68
777 225 864 275 DE
908 222 1183 272 IMPERIO
1229 222 1329 272 CN.
1377 221 1653 278 POMPEII
1699 220 1955 271 ORATIO.

400 388 714 468 processio
754 386 999 464 longior
1024 391 1432 464 quaereretur.
1517 384 1910 444 Mithridates
1937 388 2149 444 autem
2173 389 2244 443 et
2269 403 2445 443 suam

402 506 646 544 manum
670 486 797 564 jam
815 484 1213 558 confirmarat,
1235 503 1464 557 eorum,
1486 482 1596 559 qui
1624 501 1691 541 se
1713 501 1792 541 ex
1812 481 1948 559 ejus
1966 500 2162 559 regno
2183 480 2446 560 college-

398 589 558 657 rant,
607 588 674 641 et
719 581 959 658 magnis
1007 580 1372 640 adventiciis
1420 578 1671 637 auxiliis
1724 577 2055 637 multorum
2101 598 2328 657 regum
2379 586 2445 639 et

400 679 718 738 nationum
757 677 1100 758 juvabatur.
1184 677 1347 736 Nam
1387 676 1504 735 hoc
1532 677 1660 735 fere
1688 676 1779 735 sic
1804 675 1936 735 fieri
1972 676 2171 735 solere
2212 678 2447 755 accepi·

347 788 375 833 5
403 796 559 851 mus,
588 781 660 833 ut
702 794 915 852 regum
957 772 1218 832 afflictae
1257 773 1542 832 fortunae
1580 771 1758 831 facile
1799 770 2124 831 multorum
2164 791 2321 851 opes
2363 772 2448 831 al-

400 872 611 931 liciant
656 872 736 930 ad
779 870 1257 929 misericordiam
1292 869 1681 946 maximeque
1722 888 1948 944 eorum,
1977 869 2082 946 qui
2123 878 2236 927 aut
2261 889 2448 948 reges

402 976 548 1028 sunt
574 973 684 1027 aut
708 968 930 1028 vivunt
971 967 1036 1025 in
1081 985 1293 1044 regnO,
1320 972 1395 1024 ut
1421 965 1499 1024 iis
1538 985 1761 1024 nomen
1798 964 2009 1042 regale
2048 986 2350 1044 magnum
2379 973 2448 1027 et

400 1072 680 1125 sanctum
708 1084 846 1125 esse
871 1064 1169 1124 videatur.
1255 1062 1476 1139 Itaque
1503 1068 1748 1120 tantum
1766 1062 1968 1121 victus
1996 1062 2235 1123 efficere
2264 1069 2449 1141 potu-

400 1163 471 1237 it,
515 1168 811 1239 quantum
851 1159 1174 1219 incolumis
1214 1178 1527 1236 nunquam
1570 1164 1669 1217 est
1709 1178 1896 1217 ausus
1940 1163 2171 1235 optare.
2276 1160 2448 1220 Nam

317 1272 377 1319 10
402 1278 592 1336 quum
618 1277 685 1315 se
712 1257 779 1313 in
806 1275 1063 1333 regnum
1094 1276 1270 1314 suum
1311 1256 1662 1332 recepisset,
1689 1274 1810 1314 non
1839 1255 1957 1313 fuit
1985 1276 2059 1314 eo
2087 1262 2446 1334 contentuS,

401 1354 566 1431 quod
593 1353 650 1412 ei
678 1357 923 1429 praeter
949 1372 1124 1429 spem
1146 1352 1470 1427 acciderat,
1498 1359 1571 1410 ut
1589 1352 1774 1428 illam,
1795 1358 2198 1430 posteaquam
2224 1354 2447 1431 pulsus

400 1457 550 1526 erat,
579 1457 804 1509 terram
843 1469 1110 1527 unquam
1138 1451 1498 1527 attingeret,
1527 1450 1638 1509 sed
1678 1451 1743 1508 in
1771 1450 2107 1509 exercitum
2143 1457 2447 1529 nostrum,

401 1547 628 1608 clarum
657 1552 844 1624 atque
872 1546 1190 1622 victorem,
1220 1547 1519 1623 impetum
1549 1547 1715 1607 fecit.

522 1644 717 1704 Sinite
764 1642 880 1702 hoc
923 1642 1077 1719 1000,
1115 1641 1411 1719 QuiriteS,
1455 1643 1617 1702 sicut
1659 1650 1884 1721 poetae
1929 1643 2149 1720 solent,
2191 1645 2299 1722 qui
2346 1664 2447 1705 res

315 1755 375 1801 15
401 1743 711 1802 Romanas
741 1740 1033 1816 scribunt,
1054 1740 1386 1818 praeterire
1414 1759 1515 1798 me
1536 1747 1807 1799 nostram
1827 1740 2259 1817 calamitatem,
2280 1762 2445 1819 quae

400 1846 576 1899 tanta
602 1840 742 1915 fuit,
769 1845 841 1897 ut
869 1857 1004 1898 eam
1034 1838 1114 1896 ad
1141 1856 1320 1896 aures
1347 1837 1732 1913 imperatoris
1759 1856 1885 1896 non
1915 1857 1995 1896 ex
2025 1837 2264 1915 proelio
2291 1858 2446 1897 nun-

397 1939 542 2013 tius,
573 1937 682 1997 sed
711 1957 788 1996 ex
817 1955 1093 1995 sermone
1134 1954 1340 1993 rumor
1377 1934 1639 1993 afferret.
1724 1934 1847 1993 Hic
1873 1934 1938 1991 in
1964 1934 2072 1994 illo
2099 1936 2238 2013 ipso
2279 1936 2444 1997 malo

396 2034 877 2113 gravissimaque
904 2031 1056 2091 belli
1077 2031 1411 2090 offensione
1441 2030 1509 2091 L.
1535 2030 1844 2107 LuculluS,
1865 2031 1974 2109 qui
1987 2038 2204 2091 ‘tamen
2232 2032 2443 2110 aliqua
2479 2036 2484 2039 ’

397 2152 475 2190 ex
517 2135 694 2207 parte
734 2129 810 2187 iis
854 2127 1256 2186 incommodis
1297 2127 1530 2188 mederi
1569 2128 1832 2188 fortasse
1875 2129 2201 2206 potuisset,
2232 2137 2443 2195 vestro

309 2240 373 2287 20
395 2229 573 2307 jussu
599 2231 865 2301 coactu-«3,
887 2225 1046 2303 quod
1077 2212 1319 2302 imperii
1340 2225 1737 2286 diuturnitati
1763 2227 2014 2285 modum
2043 2228 2444 2287 statuendum

396 2330 605 2384 vetere
634 2321 917 2400 exemplo
950 2322 1302 2400 putavistiS,
1330 2329 1572 2400 partem
1599 2323 1879 2399 militum,
1908 2324 2015 2401 qui
2052 2325 2180 2403 jam
2210 2326 2444 2403 stipen-

396 2422 512 2480 diis
540 2420 832 2479 confectis
866 2425 1059 2495 erant,
1087 2419 1340 2495 dimisit,
1369 2426 1611 2498 partem
1653 2419 1756 2480 Μ’.
1790 2419 2114 2481 Glabrioni
2152 2423 2438 2484 tradidit.

395 2517 593 2577 Multa
632 2523 952 2595 praetereo
980 2517 1280 2593 consulto,
1309 2518 1421 2576 sed
1454 2537 1528 2576 ea
1556 2537 1667 2576 vos
1696 2519 2050 2596 conjectura
2088 2521 2441 2598 perspicite,

394 2621 690 2694 quantum
711 2615 865 2673 illud
886 2613 1115 2674 bellum
1136 2615 1370 2673 factum
1392 2614 1650 2691 putetis,
1666 2614 1830 2691 quod
1853 2615 2237 2694 conjungant
2254 2637 2442 2696 reges

307 2725 368 2770 25
395 2711 833 2790 potentissimi,
874 2716 1175 2771 renovent
1222 2712 1503 2788 agitatae
1550 2710 1858 2787 nationeS,
1900 2713 2239 2790 suscipiant
2284 2715 2443 2773 inte-

393 2829 542 2886 grae
584 2813 827 2887 genteS,
855 2826 1052 2867 novus
1094 2807 1427 2884 imperator
1464 2811 1678 2866 noster
1719 2798 1981 2885 accipiat
2019 2815 2230 2870 vetere
2269 2830 2443 2870 exer-

394 2906 521 2964 citu
567 2904 764 2981 pulso.
852 2901 1017 2961 Satis
1057 2903 1208 2959 mihi
1247 2903 1444 2961 multa
1485 2904 1670 2963 verba
1709 2904 1930 2964 fecisse
1973 2906 2205 2982 videor,
2250 2926 2442 2983 quare

393 3006 560 3060 esset
607 2999 723 3057 hoc
777 2997 1007 3058 bellum
1061 3018 1290 3076 genere
1336 2999 1476 3077 ipso
1521 3001 1958 3077 necessarium,
2007 3003 2440 3079 magnitudine

392 3095 838 3174 periculosum:
880 3100 1079 3153 restat
1124 3100 1196 3152 ut
1243 3095 1323 3154 de
1373 3096 1744 3174 imperatore
1786 3098 1866 3156 ad
1908 3098 1974 3156 id
2020 3098 2250 3158 bellum
2289 3099 2441 3159 deli-

305 3209 369 3254 80
395 3194 600 3270 gendo
630 3212 701 3250 ac
728 3192 918 3250 tantis
946 3192 1129 3250 rebus
1155 3192 1565 3269 praeficiendo
1593 3193 1920 3253 dicendum
1949 3215 2086 3255 esse
2112 3197 2413 3258 videatur.

514 3290 593 3349 X.
638 3289 917 3364 Utinam,
965 3287 1262 3366 QuiriteS,
1303 3290 1567 3351 virorum
1615 3291 1867 3350 fortium
1916 3297 2103 3369 atque
2153 3294 2440 3353 innocen-

393 3389 549 3451 tium
590 3382 845 3465 copiam
879 3393 1120 3446 tantam
1166 3386 1500 3464 haberetis,
1542 3394 1614 3445 ut
1656 3387 1811 3448 haec
1851 3389 2027 3448 vobis
2072 3389 2437 3450 deliberatio

394 3484 653 3544 difficilis
697 3490 884 3560 esset,
912 3505 1239 3561 quemnam
1280 3485 1672 3563 potissimum
1714 3486 1908 3543 tantis
1944 3485 2127 3545 rebus
2156 3507 2227 3546 ac
2254 3493 2434 3546 tanto

392 3580 557 3640 bello
599 3579 1069 3659 praeficiendum
1111 3582 1454 3659 putaretis!
1538 3580 1721 3641 Nunc
1748 3602 1897 3641 vero
1925 3601 2112 3658 quum
2154 3583 2238 3642 sit
2273 3603 2437 3642 unus

304 3689 367 3735 36
396 3676 503 3735 Cn.
547 3676 899 3754 Pompeius,
941 3678 1046 3753 qui
1090 3699 1212 3736 non
1258 3678 1443 3737 modo
1485 3697 1694 3736 eorum
1740 3677 2078 3754 hominum,
2119 3679 2225 3757 qui
2270 3699 2437 3740 nunc

393 3779 557 3848 sunt,
585 3773 859 3850 gloriam,
889 3773 999 3831 sed
1039 3774 1224 3830 etiam
1266 3774 1653 3851 antiquitatis
1693 3775 2044 3834 memoriam
2074 3776 2301 3836 virtute
2340 3796 2437 3836 su-
