2725 4299
369 229 446 296 '76
855 231 941 280 m«)
987 230 1262 281 IMPERIO
1308 229 1407 280 CN.
1445 230 1720 282 POMPEII
1763 229 2019 280 ORATIO.

592 394 811 473 Itaque
838 415 961 453 non
991 414 1124 453 sum
1151 394 1634 472 praedicaturuS,
1664 400 1927 471 quantas
1955 391 2058 453 ille
2085 413 2185 453 res
2212 394 2386 453 domi
2413 393 2541 452 mi·

472 490 661 566 litiae,
691 498 854 549 terra
895 490 1189 568 marique,
1218 497 1571 568 quantaque
1612 490 1910 550 felicitate
1950 490 2237 568 gesserit,
2265 498 2343 549 ut
2385 492 2539 570 ejus

471 607 714 665 semper
749 586 1176 647 voluntatibus
1202 607 1330 646 non
1371 587 1557 645 modo
1593 587 1759 646 cives
1799 587 2193 663 assenserint,
2221 589 2377 646 socii
2419 589 2541 648 ob-

471 684 887 762 temperarint,
922 682 1136 742 hostes
1181 684 1549 758 obedierint,
1580 682 1691 742 sed
1737 683 1925 743 etiam
1968 684 2141 743 venti
2185 690 2539 762 tempesta·

415 795 445 839 5
472 788 692 859 tesque
740 780 1232 840 obsecundarint.
1344 779 1484 839 Hoc
1537 780 1895 840 brevissime
1942 780 2162 856 dicam,
2212 782 2534 841 neminem

472 897 741 955 unquam
780 885 909 935 tam
949 877 1374 954 impudentem
1417 877 1628 951 fuisse,
1659 878 1766 954 qui
1801 877 1880 935 ab
1908 877 2025 934 diis
2066 877 2537 937 immortalibus

470 982 569 1034 tot
596 981 662 1034 et
686 981 895 1034 tantas
920 993 1020 1033 res
1047 972 1281 1032 tacitus
1309 973 1565 1032 auderet
1593 979 1827 1049 optare,
1855 979 2007 1050 quot
2041 979 2108 1032 et
2136 980 2405 1050 quantas
2436 975 2536 1032 dii

471 1072 843 1132 immortales
890 1071 970 1130 ad
1018 1069 1126 1130 Cn.
1178 1069 1542 1147 Pompeium
1591 1068 1963 1129 detulerunt.
2076 1067 2262 1142 Quod
2310 1077 2385 1128 ut
2430 1071 2533 1130 illi

472 1171 784 1247 proprium
812 1189 883 1227 ac
907 1173 1275 1246 perpetuum
1307 1167 1409 1242 sit,
1440 1163 1734 1242 QuiriteS,
1764 1185 1953 1243 quum
1995 1168 2339 1225 communis
2369 1168 2534 1226 salu-
2606 1153 2620 1163 ”

387 1277 446 1323 10
473 1266 558 1323 tis
594 1273 779 1342 atque
820 1265 1079 1342 imperii,
1107 1270 1241 1322 tum
1282 1263 1478 1341 ipsius
1523 1262 1783 1322 hominis
1824 1282 2024 1338 causa,
2059 1263 2247 1322 sicuti
2290 1265 2530 1341 facitis,

472 1361 632 1421 velle
660 1369 726 1421 et
753 1367 969 1439 optare
996 1361 1252 1421 debetis·

592 1456 796 1531 Quare
841 1477 1029 1534 quum
1069 1466 1136 1518 et
1178 1457 1411 1517 bellum
1445 1456 1527 1515 sit
1562 1457 1654 1526 ita
1698 1457 2125 1531 necessarium,
2159 1463 2233 1515 ut
2277 1458 2530 1537 negligi

471 1574 593 1612 non
640 1555 850 1632 possit,
878 1555 967 1612 ita
1014 1574 1325 1632 magnum,
1348 1560 1422 1611 ut
1469 1553 1923 1612 accuratissime
1966 1552 2051 1610 sit
2093 1553 2532 1613 administran-

472 1651 636 1727 dum,
666 1657 733 1710 et
759 1670 946 1728 quum
974 1651 1034 1710 ei
1063 1652 1494 1729 imperatorem
1528 1651 1857 1728 praeficere
1887 1650 2165 1727 possitis,
2192 1651 2260 1707 in
2287 1671 2416 1728 quo
2443 1653 2531 1711 sit

386 1761 445 1807 15
473 1749 697 1807 eximia
738 1747 888 1808 belli
932 1749 1213 1828 scientia,
1259 1748 1586 1825 singularis
1631 1749 1847 1821 virtus,
1885 1746 2216 1805 clarissima
2263 1751 2531 1808 auctori-

470 1852 589 1921 taS,
622 1847 876 1925 egregia
919 1846 1184 1922 fortuna,
1213 1844 1533 1920 dubitatis,
1583 1841 1875 1918 QuiriteS,
1916 1845 2068 1919 quin
2111 1843 2230 1902 hoc
2274 1850 2529 1904 tantum

470 1942 634 2019 boni,
662 1944 827 2020 quod
866 1943 1040 2003 vobis
1087 1942 1166 2001 ab
1206 1942 1326 2000 diis
1372 1940 1817 2000 immortalibus
1869 1940 2145 1999 oblatum
2185 1948 2254 1999 et
2302 1942 2529 2000 datum

470 2045 586 2113 est,
628 2040 694 2097 in
736 2058 863 2098 rem
908 2025 1215 2116 publicam
1262 2038 1742 2098 conservandam
1788 2045 1973 2117 atque
2023 2037 2529 2114 amplificandam

470 2135 794 2193 conferatis
812 2136 841 2194 ?
2569 2210 2572 2213 ,

381 2245 444 2291 20
588 2230 796 2290 XVII.
856 2228 1037 2303 Quod
1088 2231 1139 2289 si
1182 2230 1418 2292 Romae
1467 2231 1575 2292 Cn.
1630 2232 1963 2313 Pompeius
2019 2237 2299 2317 privatus
2347 2247 2528 2300 esset

468 2325 583 2384 hoc
625 2332 921 2404 tempore,
952 2334 1160 2387 tamen
1203 2329 1283 2387 ad
1320 2336 1565 2388 tantum
1611 2329 1838 2390 bellum
1881 2333 1936 2390 is
1963 2341 2097 2394 erat
2144 2336 2526 2414 deligendus

468 2430 654 2499 atque
698 2424 1054 2485 mittendus,
1139 2425 1338 2502 Nunc,
1384 2447 1572 2504 quum
1621 2429 1704 2487 ad
1755 2439 1989 2493 ceteras
2041 2454 2307 2495 summas
2357 2437 2526 2495 utili-

438 2526 631 2587 tates
656 2520 809 2580 haec
849 2542 1096 2600 quoque
1138 2525 1570 2601 opportunitas
1614 2529 2010 2610 adjungatur,
2039 2538 2111 2590 ut
2146 2533 2218 2590 in·
2237 2533 2315 2591 iis
2359 2534 2524 2611 ipsis

466 2618 620 2678 locis
647 2620 830 2695 adsit,
852 2626 923 2678 ut
950 2620 1179 2680 habeat
1206 2622 1559 2699 exercitum,
1582 2632 1654 2684 ut
1680 2628 1758 2687 ab
1790 2629 1870 2687 iis
1889 2630 1997 2707 qui
2022 2629 2256 2689 habent
2283 2632 2525 2708 accipe-

378 2729 441 2775 25
467 2736 532 2775 re
576 2717 790 2775 statim
836 2718 1049 2794 possit,
1082 2718 1230 2795 quid
1274 2726 1702 2796 exspectamus
1722 2726 1752 2785 Ρ
1796 2732 1902 2783 aut
1950 2746 2058 2785 cur
2102 2746 2224 2785 non
2252 2725 2522 2786 ducibus

466 2815 581 2872 diis
620 2813 1062 2873 immortalibus
1104 2814 1324 2891 eidem,
1355 2815 1453 2874 cui
1499 2826 1705 2879 cetera
1734 2841 1970 2880 summa
2013 2842 2149 2882 cum
2177 2822 2381 2882 salute
2424 2824 2520 2882 rei

465 2908 749 2987 publicae
799 2910 1123 2968 commissa
1167 2920 1329 2990 sunt,
1358 2914 1476 2975 hoc
1526 2938 1768 2995 quoque
1811 2917 2038 2977 bellum
2078 2919 2315 2998 regium
2357 2940 2523 2978 com·

464 3006 785 3062 mittamus
803 3007 832 3064 ?

586 3100 678 3159 At
704 3103 867 3161 enim
895 3103 987 3161 vir
1013 3103 1405 3187 clarissimuS,
1439 3111 1898 3171 amantissimus
1929 3112 2016 3171 rei
2047 3112 2352 3189 publicae,
2381 3133 2519 3172 ves-

377 3213 439 3257 30
464 3200 579 3258 tris
632 3199 945 3261 beneficiis
1001 3205 1393 3284 amplissimis
1449 3209 1725 3284 affectuS,
1775 3206 1848 3281 Q.
1910 3207 2187 3285 Catulus,
2236 3210 2516 3286 itemque

466 3297 715 3356 summis
742 3303 1116 3361 ornamentis
1146 3303 1416 3380 honoriS,
1440 3306 1744 3380 fortunae,
1773 3306 2041 3381 virtutis,
2080 3306 2315 3384 ingenii
2345 3326 2517 3383 prae·

465 3395 649 3468 ditus,
678 3392 751 3467 Q.
797 3395 1189 3475 Hortensius,
1234 3402 1312 3460 ab
1355 3401 1472 3460 hac
1515 3403 1752 3461 ratione
1799 3401 2211 3461 dissentiunt:
2255 3421 2513 3479 quorum

466 3512 583 3570 ego
629 3495 1063 3554 auctoritatem
1105 3497 1267 3573 apud
1298 3517 1407 3572 vos
1451 3499 1662 3556 multis
1689 3499 1839 3557 locis
1883 3498 2211 3575 plurimum
2239 3498 2512 3558 valuisse

465 3595 531 3647 et
557 3589 761 3650 valere
791 3597 1074 3668 oportere
1105 3593 1417 3669 confiteor,
1448 3594 1558 3653 sed
1597 3595 1661 3651 in
1688 3594 1804 3652 hac
1847 3614 2050 3670 causa,
2079 3596 2329 3653 tametsi
2372 3616 2514 3674 cog-

376 3694 437 3740 35
464 3688 731 3746 noscetis
777 3688 1179 3746 auctoritates
1229 3692 1562 3749 contrarias
1608 3692 1877 3752 virorum
1922 3691 2390 3751 fortissimorum
2446 3700 2512 3753 et

465 3780 950 3857 clarissimorum,
980 3789 1188 3842 tamen
1229 3786 1475 3844 omissis
1516 3786 1994 3845 auctoritatibus
2036 3789 2173 3865 ipsa
2213 3809 2279 3847 re
2310 3809 2382 3848 ac
2420 3808 2510 3847 ra-
