2725 4299
747 294 819 342 IN
865 294 1233 352 CATILINAM
1278 294 1523 344 ORATIO
1568 295 1886 345 SECUNDA.
2308 300 2383 357 21

234 461 428 520 etiam
457 458 813 536 sumptibus
857 459 923 516 in
950 466 1160 518 vetere
1203 478 1343 517 aere
1389 457 1590 517 alieno
1616 458 1943 536 vacillant3
1986 461 2091 537 qui
2119 459 2283 519 vadi·

232 556 478 631 moniis,
519 555 793 634 judiciiS,
821 553 1377 631 proscriptionibus
1418 554 1716 613 bonorum
1758 556 2107 633 defatigati,
2148 576 2280 635 per-

233 651 417 710 multi
465 658 534 710 et
579 670 659 710 ex
701 651 854 710 urbe
900 657 967 709 et
1010 670 1091 709 ex
1132 651 1295 728 agris
1324 670 1393 710 se
1421 651 1486 707 in
1526 650 1631 708 illa
1673 658 1868 713 castra
1895 653 2169 712 conferre
2194 653 2288 721 di-¹

232 754 473 807 cuntur.
561 745 769 805 Hosce
798 766 918 824 ego
945 766 1069 805 non
1097 753 1225 805 tam
1252 746 1482 806 milites
1510 767 1679 806 acres
1707 766 1892 824 quam
1918 748 2276 808 infitiatores

233 841 441 902 lentos
467 864 607 903 csse
649 842 923 902 arbitror.
1010 841 1134 915 Qui
1173 843 1453 902 homines
1495 862 1676 920 quam
1717 845 2003 922 primum,
2031 847 2083 903 si
2111 853 2274 905 stare
2304 857 2332 900 6

232 959 354 999 non
382 945 668 1018 possunt,
698 946 1002 1015 corruant,
1030 940 1139 998 sed
1168 941 1277 1016 ita,
1305 946 1379 998 ut
1405 960 1531 1019 non
1568 941 1755 999 modo
1782 941 2021 1018 civitaS,
2048 942 2159 1001 sed
2197 964 2276 1001 ne

233 1037 423 1097 vicini
468 1037 717 1113 quidem
760 1030 1025 1114 proximi
1063 1037 1353 1097 sentiant.
1438 1035 1603 1095 Nam
1630 1035 1785 1094 illud
1821 1056 1947 1096 non
1974 1038 2275 1117 intelligo,

234 1151 421 1208 quam
448 1132 530 1192 ob
559 1153 707 1208 rem,
726 1132 778 1190 si
805 1133 1014 1192 vivere
1040 1132 1302 1192 honeste
1327 1152 1454 1191 non
1481 1139 1765 1210 possunt,
1785 1135 1988 1210 perire
2015 1136 2278 1212 turpiter

238 1228 452 1305 velint,
482 1235 591 1288 aut
618 1249 725 1288 cur
749 1230 983 1287 minore
1010 1228 1218 1288 dolore
1243 1230 1552 1307 perituros
1572 1247 1640 1288 se
1668 1249 1807 1288 cum
1836 1229 2067 1307 multis,
2095 1251 2277 1310 quam

234 1325 291 1383 si
316 1325 440 1385 soli
468 1332 743 1403 pereant,
772 1326 1159 1385 arbitrentur.
2305 1340 2367 1386 10

358 1420 663 1495 Quintum
705 1442 906 1500 genus
951 1427 1050 1481 est
1092 1422 1548 1499 parricidarum,
1596 1424 1965 1499 sicariorum,
2011 1426 2276 1503 denique

234 1519 514 1578 omnium
558 1519 1072 1578 facinorosorum:
1116 1538 1270 1595 quos
1313 1539 1435 1597 ego
1463 1539 1500 1577 a
1549 1518 1814 1578 Catilina
1854 1540 1978 1578 non
2021 1541 2275 1597 revoc03

235 1637 381 1674 nam
425 1635 628 1692 neque
657 1615 872 1675 divelli
900 1615 978 1673 ab
1008 1635 1084 1674 eo
1126 1621 1391 1692 possunt
1419 1622 1486 1674 et
1526 1621 1786 1692 pereant
1812 1636 1961 1676 sane
2007 1618 2070 1675 in
2099 1617 2280 1676 latro·

236 1713 420 1789 cini0,
460 1712 749 1788 quoniam
787 1717 933 1770 sunt
978 1712 1068 1769 ita
1111 1710 1310 1787 multi,
1359 1718 1431 1769 ut
1474 1730 1582 1771 eos
1628 1731 1834 1771 carcer
1879 1732 2096 1790 capere
2151 1733 2277 1773 non

236 1810 452 1887 possit.
2308 1823 2367 1869 15

363 1905 754 1964 Postremum
782 1911 988 1964 autem
1014 1924 1213 1982 genus
1241 1910 1361 1979 est,
1389 1924 1514 1963 non
1545 1903 1739 1962 solum
1768 1924 2041 1981 numerO,
2068 1925 2278 1964 verum

241 2004 432 2062 etiam
458 2022 689 2081 genere
716 2001 858 2079 ipso
884 2008 1071 2078 atque
1097 2001 1249 2076 vita,
1278 2000 1447 2077 quod
1473 2001 1789 2078 proprium
1832 1999 2137 2061 Catilinae
2165 2007 2281 2078 est,
2351 2006 2376 2023 ‘

239 2099 320 2160 de
349 2100 488 2180 ejus
515 2098 781 2175 delectu,
809 2098 996 2183 immo
1022 2118 1169 2158 vero
1196 2098 1278 2157 de
1307 2096 1634 2175 complexu
1661 2097 1798 2177 ejus
1826 2117 1898 2158 ac
1940 2098 2099 2176 sinu,
2127 2118 2280 2177 quos

238 2217 403 2275 pexo
472 2195 712 2274 capillo,
766 2196 1020 2271 nitidos,
1077 2200 1187 2252 aut
1248 2193 1552 2254 imberbes
1609 2201 1718 2253 aut
1771 2195 1930 2255 bene
1994 2196 2282 2257 barbatos

240 2294 490 2369 videtis,
532 2292 855 2351 manicatis
904 2300 971 2351 et
1008 2290 1307 2350 talaribus
1355 2291 1603 2368 tuniciS,
1643 2291 1801 2351 velis
1846 2294 2118 2370 amictOS,
2158 2315 2279 2353 non
2308 2307 2371 2353 20

242 2389 448 2469 togis3
492 2408 749 2467 quorum
791 2388 993 2447 omnis
1038 2387 1345 2445 industria
1372 2388 1538 2448 vitae
1582 2396 1649 2447 et
1676 2388 1976 2468 vigilandi
2008 2389 2180 2449 labor
2221 2390 2284 2449 in

242 2486 631 2545 antelucanis
658 2486 826 2544 cenis
854 2485 1251 2563 expromitur.
1337 2482 1416 2542 In
1439 2484 1538 2543 his
1566 2486 1863 2564 gregibus
1891 2506 2102 2546 omnes
2130 2486 2287 2546 alea·

243 2589 435 2658 toreS,
465 2600 677 2640 omnes
705 2578 988 2656 adulteri,
1010 2600 1223 2640 omnes
1252 2581 1477 2659 impuri
1504 2581 1921 2659 impudicique
1948 2589 2282 2643 versantur.

244 2678 336 2739 Hi
364 2678 543 2756 pueri
584 2683 710 2736 tam
737 2677 935 2754 lepidi
962 2697 1035 2737 ac
1067 2676 1322 2736 delicati
1349 2698 1475 2736 non
1519 2675 1717 2736 solum
1744 2697 1947 2736 amare
1975 2684 2043 2737 et
2080 2679 2287 2755 amari,

245 2795 450 2852 neque
494 2782 742 2834 cantare
784 2781 850 2833 et
891 2773 1139 2850 saltare,
1168 2774 1280 2832 sed
1321 2774 1513 2833 etiam
1558 2773 1714 2831 sicas
1740 2772 1979 2832 vibrare
2021 2782 2084 2833 et
2128 2794 2287 2852 spar-
2314 2789 2375 2836 25

246 2892 400 2953 gere
455 2891 694 2931 venena
746 2871 1126 2944 didicerunt:
1198 2871 1308 2948 qui
1362 2871 1486 2929 nisi
1530 2874 1781 2945 exeunt,
1835 2870 1959 2928 nisi
2011 2877 2289 2948 pereunt,

249 2970 443 3030 etiam
471 2969 528 3027 si
557 2968 826 3028 Catilina
852 2968 1129 3047 perierit,
1159 2968 1386 3027 scitote
1414 2968 1530 3028 hoc
1564 2968 1630 3025 in
1657 2987 1723 3027 re
1749 2966 1997 3045 publica
2037 2970 2292 3029 semina-

247 3068 408 3126 rium
454 3064 859 3126 Catilinarum
902 3065 1194 3125 futurum.
1280 3064 1515 3123 Verum
1564 3071 1775 3124 tamen
1818 3065 1967 3142 quid
2020 3067 2136 3126 sibi
2183 3066 2293 3126 isti

252 3163 460 3223 miseri
486 3162 705 3223 volunt
721 3163 751 3222 ’Β
831 3161 1000 3221 Num
1020 3180 1165 3220 suas
1192 3180 1401 3220 secum
1426 3160 1814 3221 mulierculas
1838 3169 1983 3220 sunt
2010 3163 2076 3221 in
2095 3170 2295 3222 castra

255 3260 503 3320 ducturi
519 3260 548 3320 *Ρ
628 3257 827 3332 Quem
856 3259 935 3317 ad
964 3257 1212 3317 modum
1242 3264 1451 3317 autem
1477 3256 1597 3316 illis
1626 3278 1830 3319 carere
1857 3266 2168 3337 poterunt,
2197 3260 2294 3318 his
2321 3274 2384 3320 30

257 3357 622 3436 praesertim
659 3357 786 3434 jam
810 3354 1093 3414 noctibus
1109 3355 1140 3414 ’ἓ
1220 3351 1362 3427 Quo
1403 3361 1608 3414 autem
1638 3361 1823 3433 pacto
1862 3355 1953 3414 illi
1981 3356 2298 3436 Appenni·

259 3474 406 3512 num
435 3460 623 3530 atque
662 3452 803 3510 illas
829 3451 1079 3529 pruinas
1107 3471 1180 3510 ac
1206 3452 1386 3511 nives
1413 3451 1727 3529 perferent
1745 3453 1775 3511 ἰ’
1816 3453 1937 3512 nisi
1977 3453 2204 3528 idcirco
2231 3473 2296 3511 se

260 3550 504 3609 facilius
542 3548 809 3632 hiemem
835 3546 1205 3607 toleraturos
1244 3553 1491 3626 putant,
1520 3548 1685 3624 quod
1710 3548 1863 3607 nudi
1892 3550 1958 3607 in
1999 3550 2299 3609 conviviis

264 3645 492 3706 saltare
519 3645 877 3705 didicerunt.

389 3741 502 3802 XI.
566 3739 623 3802 O
679 3739 909 3801 bellum
962 3760 1192 3819 magno
1239 3758 1426 3817 opere
1481 3739 2065 3817 pertimescendum,
2116 3761 2298 3819 quum
2329 3756 2389 3801 35

268 3837 426 3898 hanc
454 3839 534 3898 sit
561 3838 882 3899 habiturus
905 3836 1170 3897 Catilina
1196 3833 1532 3896 scortorum
1562 3834 1875 3895 cohortem
1895 3838 2301 3914 praetoriam!
