2725 4299
400 264 519 324 108
954 260 1084 311 PRO
1129 260 1302 311 REGE
1344 260 1679 311 DEIOTARO
1724 261 1981 311 ORATIO.
2015 325 2019 329 Α

501 423 745 498 referre,
775 442 897 501 quo
924 423 1167 482 facilius
1194 443 1382 501 quum
1429 423 1710 500 aequitas
1747 429 1877 499 tua,
1905 429 2040 481 tum
2084 423 2382 483 audiendi
2416 424 2549 482 dili-

502 519 718 598 gentia
746 520 985 577 minuat
1011 519 1170 578 hanc
1197 519 1727 597 perturbationem
1755 540 1973 580 meam.

624 614 749 675 Sed
776 623 1109 693 antequam
1139 617 1218 675 de
1246 617 1638 676 accusatione
1665 617 1804 694 ipsa
1831 617 1988 693 dico,
2010 616 2089 677 de
2119 624 2551 676 accusatorum

503 731 614 790 spe
653 732 851 790 pauca
876 711 1114 773 dicam:
1159 713 1264 790 qui
1291 732 1480 790 quum
1506 713 1834 772 videantur
1859 733 1974 773 neo
2001 713 2260 792 ingenio
2287 735 2408 773 nec
2434 736 2552 773 usu

448 822 479 870 ὅ
505 815 693 886 atque
735 808 1178 868 exercitatione
1222 828 1426 868 rerum
1468 807 1689 886 valere,
1716 815 1928 869 tamen
1972 810 2050 868 ad
2095 810 2255 870 hanc
2298 831 2553 870 causam

501 926 627 965 non
655 906 787 966 sine
814 905 1019 986 aliqua
1046 925 1158 984 spe
1186 912 1254 965 et
1280 905 1664 984 cogitatione
1693 912 2010 967 venerunt.

622 1002 737 1063 ΠΙ.
780 1002 1014 1061 Iratum
1052 1008 1121 1062 te
1166 1002 1303 1081 regi
1349 1002 1647 1069 Deiotaro
1682 1003 1876 1063 fuisse
1924 1023 2049 1063 non
2088 1008 2268 1063 erant
2312 1004 2554 1080 nescii3

504 1100 791 1159 affectum
815 1098 987 1157 illum
1013 1098 1377 1177 quibusdam
1420 1099 1818 1159 incommodis
1847 1105 1915 1159 et
1941 1099 2337 1160 detrimentis
2372 1099 2558 1179 prop-

501 1201 602 1255 ter
643 1195 1040 1256 offensionem
1084 1195 1273 1254 animi
1314 1197 1412 1253 tui
1457 1197 1900 1272 meminerant;
1941 1202 2129 1275 teque
2168 1216 2371 1274 quum
2412 1196 2558 1257 huic

418 1306 480 1354 10
503 1293 748 1367 iratum,
776 1298 908 1352 tum
936 1293 1055 1353 sibi
1082 1294 1346 1352 amicum
1375 1313 1512 1353 esse
1541 1300 1994 1372 cognoverant3
2036 1313 2356 1371 quumque
2386 1295 2558 1372 apud

501 1390 708 1467 ipsum
737 1395 801 1448 te
828 1389 907 1448 de
932 1395 1041 1448 tuo
1067 1389 1342 1468 periculo
1372 1389 1670 1466 dicerent,
1693 1390 1824 1450 fore
1852 1391 2159 1467 putabant
2184 1396 2261 1448 ut
2286 1391 2359 1448 in
2389 1390 2555 1450 exul-

501 1492 710 1546 cerato
737 1487 938 1545 animo
966 1486 1147 1546 facile
1175 1486 1387 1546 fictum
1417 1487 1646 1546 crimen
1675 1486 1987 1546 insideret.
2073 1484 2274 1559 Quam
2304 1486 2393 1546 ob
2422 1507 2553 1547 rem

500 1582 618 1642 hoc
643 1603 759 1642 nos
797 1583 1059 1661 primum
1089 1589 1282 1660 metu,
1314 1582 1558 1659 Caesar,
1586 1603 1699 1662 per
1724 1582 1907 1641 fidem
1937 1589 2003 1641 et
2030 1583 2460 1642 constantiam
2489 1590 2557 1643 et

502 1678 890 1740 clementiam
917 1686 1090 1739 tuam
1119 1680 1327 1755 libera,
1355 1699 1436 1739 ne
1465 1680 1730 1739 residere
1759 1680 1823 1736 in
1852 1685 1916 1738 te
1945 1678 2128 1737 ullam
2163 1686 2414 1757 partem
2441 1681 2558 1739 ira-
2600 1665 2605 1669 ”

418 1791 480 1838 15
503 1777 762 1837 cundiae
784 1778 1180 1855 suspicemur.
1268 1775 1391 1835 Per
1408 1777 1728 1836 dexteram
1755 1777 1935 1834 istam
1954 1781 2019 1835 te
2048 1795 2175 1852 oro,
2195 1795 2389 1853 quam
2419 1779 2558 1857 regi

502 1874 799 1935 Deiotaro
820 1874 1043 1953 hospes
1065 1873 1297 1952 hospiti
1320 1873 1669 1951 porrexisti,
1689 1873 1892 1949 istam,
1912 1872 2180 1950 inquam,
2201 1874 2555 1952 dexteram,

500 1991 626 2031 non
652 1979 780 2031 tam
809 1973 874 2030 in
900 1971 1078 2031 bellis
1103 1990 1303 2048 neque
1326 1972 1390 2028 in
1419 1970 1668 2048 proeliis
1690 1989 1873 2047 quam
1892 1970 1956 2027 in
1981 1969 2301 2048 promissis
2329 1977 2404 2029 et
2430 1971 2557 2031 fide

500 2069 843 2130 firmiorem.
932 2069 1027 2127 Tu
1053 2068 1220 2126 illius
1241 2068 1488 2126 domum
1518 2066 1694 2143 inire,
1715 2073 1788 2125 tu
1807 2072 1989 2126 vetus
2015 2065 2353 2144 hospitium
2376 2089 2560 2127 reno-

502 2186 647 2225 vare
674 2166 968 2241 voluisti3
1016 2172 1081 2224 te
1110 2166 1244 2244 ejus
1273 2165 1361 2222 dii
1388 2170 1650 2244 penates
1677 2169 2062 2242 aeceperunt,
2091 2171 2157 2222 te
2186 2165 2456 2224 amicum
2485 2174 2556 2226 et

415 2274 478 2321 20
501 2261 811 2340 placatum
840 2262 1116 2320 Deiotari
1145 2262 1312 2339 regis
1342 2281 1486 2321 arae
1512 2262 1752 2343 focique
1777 2261 2084 2321 viderunt.

621 2359 822 2433 Quum
880 2359 1060 2419 facile
1117 2359 1294 2435 orari,
1345 2357 1590 2434 Caesar,
1638 2363 1772 2416 tum
1826 2356 2018 2416 semel
2072 2359 2313 2417 exorari
2361 2358 2552 2420 soleS.

500 2455 702 2517 Nemo
733 2478 1002 2536 unquam
1048 2462 1111 2516 te
1156 2455 1430 2533 placavit
1470 2454 1775 2531 inimicuS,
1804 2455 1909 2531 qui
1950 2452 2105 2512 ullas
2143 2456 2455 2515 resedisse
2483 2457 2552 2514 in

500 2562 569 2614 te
598 2555 925 2614 simultatis
952 2553 1242 2631 reliquias
1287 2552 1565 2612 senserit.
1649 2549 2039 2628 Quamquam
2064 2551 2162 2610 cui
2204 2559 2353 2610 sunt
2378 2552 2553 2611 inau-

502 2653 670 2713 ditae
719 2673 855 2713 oum
897 2652 1198 2712 Deiotaro
1243 2649 1529 2727 querelae
1572 2654 1718 2708 tuae
1740 2649 1770 2708 Ῥ
1877 2646 2208 2724 Nunquam
2252 2655 2327 2706 tu
2372 2648 2548 2708 illum

414 2763 478 2810 25
504 2752 865 2812 accusavisti
884 2756 957 2811 ut
983 2750 1244 2823 hostem,
1268 2748 1380 2807 sed
1405 2752 1476 2804 ut
1498 2746 1755 2805 amicum
1785 2745 1981 2804 officio
2007 2764 2222 2822 parum
2244 2745 2548 2821 functum,

501 2850 668 2927 quod
707 2847 1067 2926 propensior
1094 2847 1158 2904 in
1189 2844 1303 2904 Cn.
1332 2842 1617 2920 Pompeii
1645 2841 1973 2901 amicitiam
2001 2841 2223 2900 fuisset
2251 2862 2438 2920 quam
2481 2844 2548 2901 in

500 2951 670 3003 tuam
694 2965 710 3018 ;
753 2945 852 3003 cui
881 2950 1089 3002 tamen
1117 2942 1237 3020 ipsi
1263 2943 1353 3000 rei
1373 2941 1616 3001 veniam
1644 2944 1711 2998 te
1743 2938 2028 2997 daturum
2056 2938 2244 2998 fuisse
2273 2939 2546 3016 dicebaS,

502 3041 556 3099 si
597 3046 728 3097 tum
773 3038 1002 3098 auxilia
1044 3037 1342 3116 Pompeio
1380 3036 1482 3097 vel
1523 3037 1575 3095 si
1620 3036 1807 3096 etiam
1852 3034 2045 3092 filium
2088 3035 2379 3112 misisset,
2407 3036 2545 3114 ipse

501 3136 729 3194 aetatis
776 3124 1177 3195 excusatione
1221 3153 1370 3193 usus
1418 3139 1599 3193 esset.
1686 3131 1785 3191 Ita
1829 3151 2015 3210 quum
2061 3131 2347 3191 maximis
2397 3152 2544 3191 eum

411 3245 478 3292 30
500 3232 684 3292 rebus
726 3231 1035 3308 liberareS,
1074 3251 1437 3310 perparvam
1485 3228 1793 3289 amicitiae
1841 3228 2083 3305 culpam
2129 3226 2541 3306 relinquebas,

501 3330 717 3406 Itaque
739 3349 865 3388 non
895 3327 1086 3387 solum
1111 3329 1176 3386 in
1205 3347 1345 3386 eum
1367 3347 1492 3386 non
1513 3324 2017 3400 animadvertisti,
2040 3324 2151 3383 sed
2171 3325 2341 3384 omni
2368 3333 2544 3386 metu

500 3426 862 3502 liberavisti,
906 3425 1215 3503 hospitem
1263 3424 1591 3502 agnovisti,
1635 3442 1847 3501 regem
1893 3420 2213 3498 reliquisti.
2315 3420 2543 3501 Neque

501 3525 664 3585 enim
692 3523 796 3583 ille
840 3523 983 3582 odio
1028 3523 1121 3581 tui
1162 3541 1546 3599 progressuS,
1578 3521 1687 3580 sed
1732 3538 1932 3579 errore
1977 3517 2284 3576 communi
2326 3517 2544 3596 lapsus
2633 3525 2640 3530 ’

502 3630 616 3684 est.
701 3621 766 3680 Is
792 3641 919 3696 rex,
943 3639 1124 3697 quem
1153 3627 1408 3677 senatus
1433 3618 1549 3676 hoc
1571 3616 1821 3676 nomine
1850 3633 2035 3692 saepe
2061 3613 2545 3674 honorificentis-

414 3730 476 3776 35
505 3720 677 3778 simis
697 3718 960 3779 decretis
987 3715 1430 3794 appellavisset
1450 3714 1676 3791 quique
1702 3713 1872 3772 illum
1902 3711 2176 3771 ordinem
2200 3711 2280 3770 ab
2308 3711 2546 3772 adoles·

503 3817 710 3874 centia
736 3815 1161 3891 gravissimum
1184 3811 1756 3887 sanctissimumque
1786 3808 2086 3882 duxisset,
2108 3808 2329 3867 iisdem
2359 3808 2543 3868 rebus
