2725 4299
778 282 907 332 PRO
952 282 1125 332 REGE
1169 282 1503 332 DEIOTARO
1548 283 1806 334 ORATIO.
2248 287 2364 349 117

206 443 355 520 11110,
401 445 510 522 qui
563 445 734 504 vivat
781 445 845 502 in
888 465 1100 523 regno,
1146 451 1449 524 tyrannus
1493 445 1694 505 videri
1733 447 1995 524 potest?
2097 444 2257 504 Nam

207 542 288 601 de
332 548 548 599 statua
576 542 717 618 quis
759 541 1051 618 queritur,
1083 561 1206 599 una
1248 542 1630 619 praesertim,
1659 562 1843 620 quum
1874 549 2002 601 tam
2033 541 2259 601 multas

207 638 423 698 videat
445 640 476 699 ⁴?
559 637 761 697 Valde
783 639 948 697 enim
970 638 1377 698 invidendum
1398 645 1497 697 est
1517 639 1654 717 ejus
1675 639 1918 715 statuis,
1940 639 2112 718 cujus
2138 646 2260 699 tro-

208 736 386 813 paeis
416 755 543 794 non
569 734 956 795 invidemus!
1040 734 1203 794 Nam
1230 736 1285 793 si
1311 734 1484 794 locus
1511 736 1690 795 affert
1716 735 2032 811 invidiam,
2052 735 2257 795 nullus

207 831 383 891 locus
429 838 530 892 est
575 831 655 889 ad
702 838 973 890 statuam
1017 831 1266 909 quidem
1311 825 1524 890 rostris
1573 830 1806 892 clarior.
1891 832 1989 892 De
2033 831 2256 909 plausu
2282 845 2311 889 5

209 937 416 988 autem
446 928 594 1006 quid
634 927 1038 1005 respondeam
1060 929 1089 987 P
1129 928 1237 1005 qui
1266 947 1382 988 nec
1412 928 1800 987 desideratus
1829 948 2099 1005 unquam
2126 950 2163 987 a
2190 935 2255 988 te

210 1031 308 1083 est
350 1030 419 1084 et
459 1043 899 1100 nonnunquam
946 1023 1397 1101 obstupefactis
1443 1023 1799 1084 hominibus
1839 1027 1975 1102 ipsa
2002 1024 2258 1083 admira-

209 1121 381 1180 tione
439 1140 827 1198 compressus
876 1127 976 1178 est
1023 1126 1091 1179 et
1135 1121 1400 1180 fortasse
1451 1140 1528 1180 eo
1579 1121 2067 1199 praetermissum
2115 1121 2256 1199 quia

210 1217 367 1275 nihil
394 1216 651 1296 vulgare
679 1223 744 1275 te
772 1216 1030 1294 dignum
1057 1217 1253 1276 videri
1281 1223 1514 1295 potest.

329 1313 511 1374 XIII.
557 1313 735 1372 Nihil
776 1334 813 1371 a
852 1333 952 1373 me
994 1313 1255 1373 arbitror
1298 1315 1719 1392 praeteritum,
1745 1315 1858 1375 sed
1901 1315 2132 1393 aliquid
2174 1316 2255 1374 ad
2284 1329 2345 1375 10

211 1416 556 1471 extremum
584 1429 808 1470 causae
836 1416 1233 1470 reservatum.
1320 1411 1397 1470 Id
1425 1418 1631 1472 autem
1660 1412 1811 1490 quid
1838 1417 1938 1472 est
1957 1414 1987 1473 P
2066 1412 2154 1472 Te
2183 1418 2256 1471 ut

211 1510 395 1587 plane
450 1506 752 1566 Deiotaro
797 1506 1148 1567 reconciliet
1195 1508 1390 1567 oratio
1444 1529 1596 1570 mea.
1710 1509 1772 1569 N
1774 1530 1854 1569 011
1910 1511 2075 1569 enim
2129 1511 2255 1589 jam

211 1610 424 1664 metuo
443 1624 524 1664 ne
547 1610 620 1662 tu
639 1603 729 1661 illi
760 1623 1141 1682 succenseas,
1157 1604 1309 1664 illud
1324 1626 1540 1670 vereor
1564 1627 1643 1666 ne
1672 1607 1788 1666 tibi
1815 1605 1987 1664 illum
2014 1626 2257 1666 succen-

212 1724 347 1764 sere
374 1702 611 1781 aliquid
653 1703 1001 1780 suspicere:
1045 1703 1209 1780 quod
1238 1703 1419 1762 abest
1459 1702 1839 1782 longissime,
1867 1702 2016 1761 mihi
2054 1704 2254 1779 crede,

216 1801 457 1861 Caesar.
529 1797 699 1872 Quid
722 1800 886 1859 enim
906 1799 1174 1859 retineat
1190 1820 1301 1877 per
1318 1805 1386 1859 te
1409 1800 1709 1875 meminit,
1730 1819 1854 1858 non
1875 1800 2026 1876 quid
2045 1800 2256 1858 amise·
2285 1811 2343 1856 15

212 1900 309 1976 rit,
343 1918 544 1977 neque
585 1918 654 1958 se
697 1918 734 1956 a
776 1904 843 1956 te
879 1896 1209 1955 multatum
1251 1896 1602 1971 arbitratur,
1648 1895 1779 1971 sed,
1821 1914 2010 1972 quum
2052 1895 2258 1955 existi·

212 2017 408 2056 mares
437 1995 649 2054 multis
677 1993 796 2052 tibi
824 1993 1018 2052 multa
1046 2012 1183 2052 esse
1211 1992 1563 2068 tribuenda,
1594 2011 1719 2069 quo
1748 1992 1946 2049 minus
1976 2012 2011 2050 a
2041 2011 2130 2067 se,
2151 1991 2256 2068 qui

212 2095 276 2153 in
305 2093 499 2154 altera
538 2098 718 2172 parte
751 2092 991 2167 11115561,
1020 2110 1096 2148 63
1124 2110 1393 2149 sumeres
1435 2109 1559 2148 non
1601 2089 1922 2149 recusavit.
2008 2087 2256 2148 Etenim
2345 2171 2350 2174 Φ

214 2194 267 2252 51
294 2191 649 2250 Antiochus
693 2190 959 2268 Magnus
1001 2187 1126 2264 ille,
1155 2208 1265 2247 rex
1299 2187 1515 2263 Asiae,
1545 2207 1731 2265 quum
1772 2194 2176 2265 posteaquam
2218 2208 2255 2246 a

215 2289 283 2349 L.
317 2287 602 2366 Scipione
642 2287 922 2347 devictus
964 2292 1082 2361 est,
1110 2284 1312 2344 Tauro
1340 2290 1523 2344 tenus
1551 2304 1811 2361 regnare
1851 2284 2060 2363 jussus
2088 2290 2256 2344 esset
2283 2297 2347 2343 20

215 2404 581 2462 omnemque
630 2383 786 2442 113116
828 2381 1068 2458 Asiam,
1111 2401 1269 2459 quae
1317 2387 1417 2441 est
1460 2401 1622 2441 nunc
1665 2388 1877 2440 nostra
1922 2382 2255 2459 provincia,

215 2483 546 2558 amisisset,
575 2482 778 2540 dicere
807 2486 905 2540 est
933 2478 1157 2538 solitus
1197 2479 1466 2557 benigne
1495 2479 1614 2539 sibi
1642 2499 1679 2537 a
1719 2477 1951 2556 populo
1979 2478 2255 2537 Romano

215 2600 354 2640 esse
371 2580 620 2654 factum,
638 2578 804 2655 quod
831 2577 1013 2635 nimis
1038 2597 1264 2654 magna
1291 2577 1716 2654 procuratione
1743 2574 2042 2634 liberatus
2069 2576 2258 2633 modi·

215 2678 305 2736 cis
334 2676 511 2755 regni
540 2675 818 2735 terminis
844 2679 1142 2748 uteretur,
1170 2679 1382 2751 potest
1410 2671 1606 2730 multo
1634 2670 1876 2729 facilius
1904 2690 1971 2729 se
2009 2670 2259 2730 Deiota·

214 2794 321 2832 rus
375 2772 694 2833 consolari.
805 2769 919 2829 Ille
963 2770 1127 2829 enim
1172 2769 1392 2827 furoris
1446 2766 1706 2825 multam
1763 2764 2116 2842 sustulerat,
2158 2766 2255 2827 hic
2282 2780 2343 2827 26

212 2870 453 2931 erroris,
540 2868 761 2928 Omnia
788 2872 859 2924 tu
885 2865 1201 2941 Deiotaro,
1231 2865 1477 2941 Caesar,
1506 2863 1800 2939 tribuisti,
1829 2882 2015 2940 quum
2043 2869 2111 2922 et
2136 2864 2256 2942 ipsi

212 2975 279 3027 et
311 2967 434 3025 filio
460 2984 687 3024 nomen
715 2963 952 3042 regium
987 2962 1360 3022 concessisti.
1445 2960 1586 3020 Hoc
1614 2961 1860 3020 nomine
1900 2966 2143 3021 retento
2170 2968 2258 3022 at-

209 3084 335 3143 que
362 3068 611 3123 servato
638 3060 874 3120 nullum
910 3059 1277 3119 beneficium
1320 3058 1537 3136 populi
1582 3057 1863 3134 Romani,
1891 3057 2126 3117 nullum
2165 3060 2256 3138 ju·

209 3162 441 3221 dicium
485 3160 564 3218 de
593 3178 662 3218 se
691 3162 942 3217 senatus
968 3156 1357 3214 imminutum
1400 3160 1602 3234 putat.
1687 3154 1918 3233 Magno
1945 3156 2148 3215 animo
2189 3163 2257 3216 et

210 3264 422 3326 erecto
471 3261 591 3330 est,
640 3274 752 3314 nec
797 3272 1066 3330 unquam
1114 3253 1475 3312 succumbet
1526 3252 1804 3327 inimicis,
1845 3272 1923 3311 ne
1971 3252 2253 3313 fortunae
2280 3266 2343 3311 30

210 3355 484 3433 quidem.
571 3352 769 3411 Multa
798 3370 865 3409 se
887 3350 1217 3408 arbitratur
1245 3356 1311 3409 et
1337 3349 1654 3428 peperisse
1682 3357 1827 3410 ante
1854 3351 2033 3410 factis
2061 3359 2126 3409 et
2153 3349 2255 3407 ha-

210 3453 356 3510 bere
387 3452 454 3508 in
484 3449 691 3507 animo
732 3452 919 3524 atque
948 3446 1200 3521 virtute,
1228 3467 1388 3524 quae
1430 3446 1599 3506 nullo
1635 3447 1818 3506 modo
1859 3446 2052 3523 possit
2082 3446 2253 3501 amit·

211 3555 358 3606 tere.
447 3544 626 3616 Quae
674 3545 836 3602 enim
880 3543 1128 3602 fortuna
1171 3549 1281 3601 aut
1321 3543 1458 3620 quis
1502 3564 1677 3602 casus
1725 3551 1833 3601 aut
1877 3559 2034 3618 quae
2076 3546 2251 3597 tanta

208 3645 414 3721 possit
456 3641 680 3720 injuria
728 3640 999 3698 omnium
1048 3641 1484 3718 imperatorum
1534 3639 1611 3699 de
1658 3640 1955 3698 Deiotaro
2002 3636 2252 3694 decreta

208 3739 418 3799 delere
440 3740 470 3799 ‘t’
552 3735 658 3796 Ab
699 3735 981 3796 omnibus
1026 3736 1189 3795 enim
1233 3741 1332 3795 est
1374 3741 1645 3810 ornatus,
1679 3734 1806 3811 qui,
1845 3737 2247 3808 posteaquam
2279 3746 2339 3791 35

207 3837 270 3894 in
317 3835 537 3895 castris
587 3854 722 3893 esse
768 3829 978 3910 potuit
1021 3851 1134 3909 per
1178 3837 1469 3906 aetatem,
1510 3831 1575 3887 in
1622 3827 1798 3902 Asia,
1841 3824 2253 3906 Cappadocia,
