2725 4299
731 294 806 344 IN
848 294 1201 345 ANTONIUM
1249 294 1497 344 ORATIO
1543 293 1775 345 PRIMA.
2205 297 2324 357 129

146 458 483 519 sublatum
512 464 613 518 est
629 460 659 519 ⁶?
739 454 951 535 Atque
993 458 1147 517 haec
1187 458 1325 517 dico
1369 456 1451 518 de
1480 457 1725 532 futuris,
1754 457 1920 534 quod
1947 465 2044 517 est
2071 459 2219 517 ami-

146 575 376 615 corum
406 562 556 615 ante
584 555 787 614 dicere
816 575 910 630 ea,
939 574 1098 632 quae
1120 537 1307 615 vitari
1327 556 1607 632 possint:
1638 573 1795 631 quae
1825 552 1880 613 si
1906 555 2073 614 facta
2092 574 2218 614 non

146 659 368 728 erunt,
400 651 718 712 refelletur
744 650 940 709 oratio
967 671 1123 711 mea.
1210 650 1459 729 Loquor
1486 651 1563 710 de
1593 650 1837 729 legibus
1865 651 2218 731 promulga-

145 750 261 825 fis,
293 749 375 809 de
419 749 648 827 quibus
689 753 788 807 est
827 748 1142 826 integrum
1182 748 1375 808 vobis.
1461 747 1836 807 Demonstro
1875 748 2068 826 vitia3
2108 750 2220 810 tol-

146 844 273 905 lite
300 846 317 906 l
405 845 723 905 Denuntio
751 844 896 920 vim,
927 864 1135 920 arma;
1177 845 1532 905 removete!

283 940 409 1003 XI.
452 943 643 1003 Irasci
682 943 932 1021 quidem
973 960 1086 1002 vos
1126 941 1298 1017 mihi,
1340 940 1688 1017 Dolabella,
1716 961 1828 1019 pro
1868 962 1934 1001 re
1975 941 2220 1020 publica

147 1039 401 1099 dicenti
427 1060 556 1099 non
581 1040 912 1118 oportebit.
999 1036 1394 1116 Quamquam
1439 1044 1503 1097 te
1546 1038 1792 1115 quidem
1821 1035 1889 1097 id
1916 1039 2217 1097 facturum

146 1156 291 1196 non
328 1136 615 1213 arbitror,
661 1137 808 1196 novi
844 1136 1205 1196 facilitatem
1248 1141 1421 1193 tuam
1453 1154 1469 1194 ε
1514 1133 1818 1212 collegam
1844 1141 2022 1193 tuum
2050 1135 2223 1193 aiunt

146 1233 220 1290 in
249 1232 375 1292 hac
404 1252 518 1292 sua
542 1234 807 1308 fortuna,
831 1253 988 1310 quae
1008 1233 1171 1293 bona
1198 1232 1321 1309 ipsi
1349 1231 1850 1307 videtur—mihi,
1871 1252 1952 1292 ne
1967 1232 2221 1310 gravius

150 1330 491 1407 quippiam
519 1330 737 1405 dicam,
766 1349 1016 1389 avorum
1043 1335 1110 1389 et
1140 1327 1429 1389 avunculi
1456 1328 1554 1387 sui
1596 1328 1982 1388 consulatum
2010 1330 2063 1388 si
2090 1330 2221 1388 imi-

148 1432 426 1501 taretur,
453 1427 829 1486 fortunatior
864 1426 1177 1487 videretur
1191 1458 1274 1467 —
1292 1426 1404 1485 sed
1448 1445 1589 1484 eum
1617 1426 1994 1486 ‘iracundum
2035 1427 2219 1486 audio

150 1542 309 1582 esse
336 1523 588 1583 factum.
674 1522 877 1582 Video
917 1529 1128 1582 autem
1169 1541 1354 1600 quam
1388 1522 1472 1580 sit
1500 1523 1780 1582 odiosum
1821 1523 2048 1584 habere
2076 1544 2219 1585 eun-

151 1621 313 1679 dem
341 1620 571 1678 iratum
599 1626 665 1679 et
693 1617 1015 1695 armatum,
1045 1640 1235 1697 quum
1264 1625 1442 1678 tanta
1484 1620 1844 1698 praesertim
1873 1620 2219 1698 gladiorum

153 1717 246 1775 sit
292 1716 653 1793 impunitae,
684 1717 796 1776 sed
837 1736 1178 1794 proponam
1224 1717 1346 1796 jus,
1375 1725 1449 1775 ut
1477 1718 1712 1795 opinor,
1743 1737 2024 1794 aequum,
2053 1719 2220 1795 quod

153 1813 245 1874 M.
305 1811 654 1873 Antonium
698 1833 823 1873 non
844 1814 1105 1873 arbitror
1125 1815 1606 1892 repudiaturum.
1694 1815 1854 1892 Ego,
1885 1817 1941 1874 si
1969 1816 2116 1893 quid
2155 1817 2220 1875 in

152 1911 368 1971 vitam
398 1910 534 1989 ejus
562 1915 673 1968 aut
699 1912 766 1968 in
792 1930 993 1971 mores
1036 1931 1174 1970 cum
1202 1909 1576 1970 contumelia
1605 1911 1838 1986 dixero,
1868 1931 1992 1989 quo
2018 1912 2220 1971 minus

153 2007 320 2065 mihi
366 2006 823 2066 inimicissimus
867 2009 968 2083 sit,
1013 2028 1137 2067 non
1186 2008 1522 2067 recusabo:
1567 2007 1674 2066 sin*
1713 2009 2218 2068 consuetudinem

154 2124 374 2165 meam
402 2110 678 2181 tenuero,
708 2105 776 2164 id
804 2111 922 2182 est,
951 2106 1006 2166 si
1045 2106 1238 2166 libere
1267 2124 1427 2184 quae
1469 2105 1728 2165 sentiam
1756 2105 1836 2166 de
1864 2126 1930 2167 re
1973 2106 2218 2184 publica

157 2204 412 2278 dixer0,
438 2202 705 2279 primum
752 2203 1045 2281 deprecor
1090 2223 1170 2263 ne
1216 2203 1535 2279 irascatur,
1565 2203 1812 2281 deiude,
1843 2204 1898 2264 si
1938 2204 2055 2265 hoc
2095 2226 2218 2266 non

159 2301 456 2378 impetr0‚
485 2313 638 2376 peto
666 2305 739 2357 ut
767 2300 856 2358 sic
883 2300 1182 2359 irascatur
1208 2305 1283 2357 ut
1312 2300 1464 2360 civi.-

291 2393 505 2453 Armis
535 2402 762 2471 utatur,
791 2396 846 2454 si
872 2396 961 2454 ita
991 2415 1247 2455 necesse
1279 2401 1397 2472 est,
1420 2402 1493 2454 ut
1520 2397 1693 2474 dicit,
1724 2398 1819 2457 sui
1846 2399 2218 2459 defendendi

162 2513 388 2553 causa:
429 2493 530 2568 iis,
559 2493 666 2570 qui
692 2513 806 2571 pro
833 2512 900 2552 re
926 2491 1172 2571 publica
1202 2513 1359 2570 quae
1387 2494 1537 2571 ipsis
1565 2495 1699 2555 visa
1728 2505 1909 2554 erunt
1929 2496 2217 2572 dixerint,

165 2592 296 2649 ista
337 2610 510 2648 arma
549 2610 631 2650 ne
673 2595 952 2650 noceant.
1038 2587 1206 2662 Quid
1248 2590 1362 2650 hac
1391 2590 1814 2668 postulatione
1842 2593 1962 2651 dici
2001 2598 2218 2668 potest

166 2688 478 2765 aequius?
559 2685 744 2758 Quod
785 2687 856 2763 si,
885 2692 957 2745 ut
985 2687 1141 2744 mihi
1169 2707 1207 2746 a
1236 2688 1608 2764 quibusdam
1649 2688 1787 2766 ejus
1814 2688 2217 2747 familiaribus

165 2784 405 2844 dictum
457 2791 573 2860 est,
619 2785 822 2843 omnis
877 2805 1019 2844 eum
1069 2805 1228 2862 quae
1273 2784 1540 2845 habetur
1582 2791 1794 2843 contra
1829 2784 2217 2845 voluntatem

167 2882 303 2960 ejus
334 2882 535 2940 oratio
562 2882 837 2959 graviter
864 2882 1139 2958 offendit,
1158 2882 1346 2941 etiam
1378 2883 1431 2940 si
1459 2880 1812 2951 nullainest
1832 2882 2216 2959 contumelia,

167 2979 436 3037 feremus
465 2978 648 3035 amici
673 2984 976 3038 naturam.
1065 2977 1192 3039 Sed
1232 2979 1418 3038 iidem
1460 2978 1552 3036 illi
1579 2978 1670 3036 ita
1697 2999 1935 3038 mecum
1963 2979 2216 3058 loquun-

167 3085 304 3135 tur:
354 3073 552 3134 “Non
600 3075 764 3135 idem
821 3075 962 3150 tibi,
1008 3076 1358 3135 adversario
1418 3074 1719 3152 CaesariS,
1764 3075 1996 3154 licebit,
2052 3080 2217 3157 quod

168 3171 381 3231 Pisoni
424 3171 697 3247 socer0,”
727 3177 793 3231 et
835 3171 1015 3231 simul
1058 3173 1393 3230 admonent
1435 3172 1743 3249 quiddam,
1774 3176 1939 3252 quod
1980 3178 2216 3237 cavebi-

165 3289 340 3345 mus;
385 3288 503 3327 nec
531 3268 652 3328 erit
676 3269 901 3347 justior
928 3269 993 3327 in
1023 3275 1311 3328 senatum
1339 3288 1468 3327 non
1495 3268 1781 3329 veniendi
1808 3274 2005 3332 morbi
2034 3294 2217 3333 causa

165 3386 349 3444 quam
381 3365 620 3425 mortis·

284 3462 436 3522 ΧΠ.
488 3460 614 3521 Sed
650 3482 764 3539 per
799 3461 951 3526 deos
985 3462 1512 3523 immortales—te
1541 3463 1705 3524 enim
1731 3464 2003 3538 intuenS,
2034 3462 2218 3521 Dola·

165 3560 350 3635 bella,
395 3579 525 3617 non
569 3578 819 3636 possum
865 3559 1184 3637 utriusque
1230 3565 1505 3620 vestrum
1563 3568 1831 3620 errorem
1878 3560 2218 3618 reticere—

167 3658 352 3716 credo
398 3657 568 3715 enim
613 3675 744 3730 vos,
788 3655 1031 3715 nobiles
1087 3655 1368 3716 homines
1422 3677 1651 3736 magna
1696 3656 1995 3734 quaedam
2052 3672 2217 3730 spec-

2262 1345 2325 1392 10

2263 1828 2323 1875 15

2259 2314 2322 2360 20

2257 2793 2320 2840 25

2258 3281 2321 3327 30

168 3762 398 3830 tanteS,
426 3772 555 3811 non
580 3752 926 3830 pecuniam,
956 3758 1027 3810 ut
1055 3752 1305 3829 quidam
1330 3753 1517 3812 nimis
1545 3752 1777 3813 creduli
1806 3749 2215 3828 suspicantur,
2257 3757 2320 3805 35

169 3871 326 3930 quae
392 3868 638 3927 semper
692 3848 772 3908 ab
828 3848 1201 3927 amplissimo
1259 3842 1502 3927 quoque
1559 3847 2023 3923 clarissimoque
2079 3866 2218 3906 con-
