2725 4299
771 264 846 313 IN
893 263 1258 312 CATILINAM
1304 262 1549 313 ORATIO
1594 264 1912 313 SECUNDA.
2335 263 2411 322 19

258 445 579 504 nunquam
606 430 794 485 antea
823 426 1180 504 cogitasset,
1206 431 1416 485 tamen
1456 425 1926 486 latrocinantem
1951 444 2020 485 se
2047 423 2310 483 interfici

257 522 477 583 mallet
519 542 705 607 quam
755 521 1031 581 exsulem
1079 523 1302 582 vivere.
1390 521 1576 582 Nunc
1616 542 1784 598 vero,
1814 541 2003 598 quum
2047 521 2108 580 ei
2151 518 2307 578 nihil

257 620 461 679 adhuc
487 624 735 697 praeter
762 618 959 696 ipsius
987 618 1374 679 voluntatem
1401 619 1968 698 cogitationemque
1981 602 2305 693 acciderit,

256 717 379 775 nisi
403 715 574 793 quod
593 715 748 775 vivis
776 714 954 773 nobis
982 713 1179 773 Roma
1203 715 1516 792 profectus
1546 721 1664 791 est,
1684 721 1971 792 optemus
1997 713 2207 792 potius
2235 719 2307 771 ut

257 819 363 872 eat
391 813 456 870 in
486 811 768 871 exsilium
793 831 974 888 quam
1002 807 1338 888 queramur.
1949 798 1958 805 ⁸
2329 819 2362 867 ⁵

380 907 562 969 Vm.
609 907 735 968 Sed
760 928 868 967 cur
892 913 1023 966 tam
1064 907 1171 965 diu
1197 907 1277 967 de
1305 927 1432 966 uno
1458 907 1639 967 hoste
1666 900 1989 985 loquimur,
2019 913 2084 965 et
2122 906 2201 967 de
2228 926 2304 966 eo

256 1006 459 1083 hoste,
488 1006 594 1083 qui
632 1006 762 1085 jam
787 1005 1017 1063 fatetur
1042 1023 1112 1063 se
1153 1023 1295 1064 esse
1322 1003 1588 1079 hostem,
1618 1011 1684 1063 et
1723 1023 1924 1081 quem,
1952 1003 2114 1080 quia,
2142 1002 2305 1081 quod

257 1123 507 1181 semper
547 1102 740 1178 volui,
769 1120 979 1160 murus
1021 1100 1304 1176 interest,
1336 1120 1460 1159 non
1508 1100 1726 1161 timeo:
1770 1101 1850 1159 de
1897 1099 2013 1175 his,
2042 1099 2145 1176 qui
2186 1100 2305 1158 dis-

256 1199 572 1274 simulant,
615 1200 723 1276 qui
766 1197 1003 1257 Romae
1048 1203 1392 1273 remanent,
1420 1197 1530 1274 qui
1578 1196 1899 1255 nobiscum
1943 1203 2110 1272 sunt,
2153 1194 2303 1253 nihil

256 1296 523 1355 dicimus
545 1297 575 1356 ⁴?
655 1293 825 1368 Quos
853 1294 1104 1371 quidem
1143 1314 1284 1373 eg0,
1313 1294 1371 1353 si
1397 1293 1525 1352 ullo
1565 1294 1750 1352 modo
1777 1293 1908 1353 fieri
1932 1294 2148 1371 possit,
2177 1312 2300 1351 non
2330 1303 2392 1351 10

258 1399 389 1451 tam
430 1392 643 1451 ulcisci
673 1393 894 1452 studeo
917 1412 1106 1470 quam
1134 1390 1497 1473 sanaregibi
1537 1391 1728 1468 ipSOS,
1755 1390 1997 1469 placare
2024 1390 2112 1449 rei
2152 1389 2304 1466 pub-

254 1489 411 1549 licae
434 1511 451 1565 ;
493 1509 693 1567 neque
722 1489 783 1547 id
813 1508 1000 1566 quare
1028 1489 1159 1548 fieri
1200 1508 1326 1548 non
1369 1489 1587 1567 possit,
1617 1488 1669 1547 si
1695 1508 1797 1547 me
1830 1487 2042 1546 audire
2070 1486 2302 1563 volent,

256 1584 563 1664 intelligo.
665 1585 988 1662 Exponam
1029 1586 1190 1645 enim
1233 1585 1429 1661 vobiS,
1473 1582 1767 1661 QuiriteS,
1809 1604 1888 1643 ex
1929 1583 2150 1661 quibus
2197 1603 2304 1661 ge-

256 1683 506 1742 neribus
533 1682 842 1742 hominum
868 1682 1027 1741 istae
1048 1683 1260 1760 copiae
1288 1687 1750 1759 comparentur3
1793 1679 2018 1740 deinde
2039 1679 2302 1757 singulis

258 1780 625 1840 medicinam
672 1779 909 1839 consilii
957 1785 1145 1857 atque
1191 1779 1491 1838 orationis
1531 1799 1727 1854 meae,
1752 1779 2023 1856 siquam
2060 1782 2299 1855 potem,
2328 1788 2389 1837 1⁵

256 1877 525 1936 afferam.

378 1973 589 2032 Unum
630 1993 832 2051 genus
872 1979 973 2032 est
1013 1992 1241 2048 eorum,
1272 1973 1379 2050 qui
1419 1992 1648 2051 magno
1677 1972 1741 2029 in
1782 1990 1923 2031 aere
1952 1970 2154 2031 alieno
2179 1991 2302 2029 ma-

267 2071 435 2149 jores
484 2070 673 2128 etiam
696 2070 1145 2146 -possessiones
1193 2069 1448 2145 habent,
1487 2089 1745 2147 quarum
1794 2088 2001 2128 amore
2049 2069 2300 2128 adducti

256 2167 516 2227 dissolvi
544 2166 714 2225 nullo
742 2167 923 2226 modo
954 2173 1227 2245 possunt.
1312 2166 1554 2225 Horum
1593 2166 1905 2226 hominum
1936 2166 2172 2244 species
2201 2174 2301 2226 est

256 2259 795 2324 honestissima—
814 2270 960 2322 sunt
1015 2264 1182 2323 enim
1238 2263 1982 2342 locupletes—voluntas
2028 2284 2178 2324 vero
2232 2270 2299 2324 et
2323 2277 2388 2324 20

257 2381 440 2419 causa
469 2361 1025 2438 impudentissima.
1110 2359 1207 2419 Tu
1247 2361 1436 2439 agriS,
1464 2367 1536 2419 tu
1575 2361 1886 2436 aedificiis,
1915 2367 1988 2418 tu
2016 2366 2298 2439 argent0‚

256 2463 329 2515 tu
374 2456 625 2533 familia,
669 2464 739 2516 tu
787 2457 969 2517 rebus
1017 2457 1301 2517 omnibus
1350 2465 1600 2518 ornatus
1650 2465 1718 2519 et
1765 2459 2051 2536 copiosus
2098 2460 2203 2534 siS,
2232 2464 2298 2518 et

257 2554 504 2613 dubites
573 2554 651 2613 de
705 2555 1095 2632 possessione
1148 2554 1494 2632 detrahere,
1550 2556 1863 2634 acquirere
1917 2556 1999 2614 ad
2064 2555 2248 2615 fidem
2268 2557 2300 2616 ’ἓ

256 2649 422 2723 Quid
450 2650 615 2709 enim
641 2657 966 2729 exspectas
985 2652 1023 2711 ‘r‘
1096 2650 1340 2711 Bellum
1361 2653 1393 2712 ἲ
1475 2650 1643 2724 Quid
1665 2672 1834 2729 ergo,
1856 2653 1924 2710 in
1951 2653 2297 2713 vastatione

256 2748 528 2806 omnium
556 2753 697 2806 tuas
717 2749 1137 2825 possessiones
1166 2756 1585 2809 sacrosanctas
1615 2749 1852 2806 futuras
1879 2754 2063 2826 putas
2081 2749 2111 2808 ’Β
2190 2748 2296 2809 An
2321 2762 2385 2809 25

254 2840 504 2902 tabulas
547 2863 738 2904 novas
755 2846 785 2905 ’Β
866 2844 1094 2904 Errant
1138 2847 1243 2923 qui
1287 2847 1442 2930 istas
1492 2866 1530 2904 a
1577 2844 1847 2905 Catilina
1895 2853 2293 2926 exspectant:

256 2935 395 2999 meo
439 2936 738 3000 beneficio
785 2942 1034 3002 tabulae
1079 2963 1279 3004 novae
1324 2944 1729 3021 proferentur,
1756 2963 1966 3003 verum
1993 2945 2300 3005 auctiona-

255 3037 426 3112 riae3
467 3055 669 3114 neque
696 3037 854 3097 enim
881 3039 1011 3115 isti,
1033 3039 1139 3117 qui
1167 3040 1591 3117 possessiones
1632 3039 1882 3116 habent,
1911 3040 2035 3100 alia
2061 3044 2296 3102 ratione

257 3132 385 3191 ulla
413 3132 566 3193 salvi
593 3153 732 3193 esse
758 3142 1037 3213 possunt.
1124 3134 1307 3208 Quod
1335 3137 1389 3195 si
1418 3136 1715 3195 maturius
1735 3137 1935 3197 facere
1955 3138 2298 3199 voluissent

257 3247 480 3306 neque,
507 3228 573 3287 id
600 3231 766 3306 quod
808 3220 1239 3291 stultissimum
1271 3238 1389 3308 est,
1419 3239 1654 3293 certare
1683 3253 1820 3292 cum
1863 3235 2065 3293 usuris
2092 3235 2297 3312 fructi·
2320 3246 2387 3294 80

256 3325 371 3384 bus
399 3325 802 3404 praediorum,
833 3334 899 3388 et
925 3328 1429 3407 locupletioribus
1451 3329 1561 3388 ‘his
1589 3331 1655 3390 et
1681 3330 2030 3391 melioribus
2058 3331 2296 3391 civibus

258 3423 585 3482 uteremur.
671 3422 798 3483 Sed
841 3424 1025 3485 hosce
1067 3426 1346 3485 homines
1395 3426 1645 3486 minime
1686 3434 1840 3505 puto
1865 3429 2298 3504 pertimescen-

260 3518 387 3594 dos,
416 3519 583 3595 quod
609 3526 719 3578 aut
744 3520 970 3580 deduci
1011 3522 1089 3581 de
1120 3522 1429 3582 sententia
1456 3529 1723 3600 possunt
1749 3528 1877 3600 aut,
1907 3524 1960 3582 si
1985 3542 2297 3600 permane·

261 3613 431 3690 bunt,
453 3616 651 3693 magis
682 3616 832 3674 mihi
859 3601 1147 3677 ridentur
1166 3624 1314 3678 vota
1343 3619 1567 3678 facturi
1596 3624 1808 3678 contra
1833 3638 1961 3677 rem
1987 3616 2295 3696 publicam

263 3729 438 3787 quam
467 3732 634 3771 arma
665 3712 867 3773 laturi.
2319 3728 2384 3775 85

379 3806 488 3867 IX.
535 3805 825 3867 Alterum
876 3830 1078 3887 genus
1133 3816 1231 3870 est
1281 3830 1515 3887 eorum,
1563 3810 1691 3888 qui,
1739 3828 2110 3888 quamquam
2163 3832 2297 3889 pre-
