2725 4299
318 257 398 317 90
918 254 1048 304 PRo
1094 254 1157 304 M.
1195 253 1550 304 MARCELLO
1596 254 1854 305 onA'rlo.

413 418 605 478 vitam
630 436 754 475 non
774 403 1116 494 anteponat
1136 437 1303 477 suae.
1389 414 1496 476 An
1517 418 1575 476 si
1595 418 1696 476 tui
1715 417 1868 476 nihil
1890 417 2172 495 cogitant
2194 418 2470 496 sceleriS,

414 514 752 574 cavendum
792 519 909 589 est,
937 533 1017 572 ne
1047 513 1196 590 quid
1241 514 1527 574 inimici?
1609 512 1733 587 Qui
1753 516 1784 575 ⁴?
1865 512 2099 574 Omnes
2141 514 2329 591 enim,
2358 517 2470 593 qui

413 611 679 687 fuerunt,
708 616 818 668 aut
846 629 956 669 sua
973 610 1341 688 pertinacia
1369 609 1565 671 vitam
1593 611 1932 670 amiserunt
1958 617 2064 671 aut
2093 617 2204 669 tua
2236 613 2470 672 miseri-

413 707 616 766 cordia
657 707 1068 781 retinuerunt,
1097 713 1170 764 ut
1213 713 1320 765 aut
1367 706 1524 764 nulli
1571 708 1885 785 supersint
1913 706 1992 767 de
2037 707 2325 785 inimicia
2353 717 2468 768 aut

358 817 387 861 6
412 804 522 881 qui
549 803 980 881 superfuerunt
1007 803 1133 861 sint
1160 803 1530 863 amicissimi.

535 900 660 961 Sed
701 907 922 959 tamen
956 919 1145 977 quum
1189 899 1253 957 in
1298 899 1523 959 animis
1560 900 1875 959 hominum
1919 907 2134 961 tantae
2179 900 2467 964 latebrae

412 998 537 1057 sint
564 1005 631 1058 et
670 997 830 1056 tanti
871 1015 1171 1073 recessuS,
1200 1017 1544 1075 augeamus
1593 1016 1743 1057 sane
1787 998 2198 1076 suspicionem
2245 1005 2464 1061 tuam:

411 1094 594 1153 simul
620 1094 784 1154 enim
814 1094 1174 1172 augebimus
1198 1093 1613 1172 diligentiam.
1701 1092 1868 1153 Nam
1888 1096 2026 1173 quis
2055 1101 2155 1155 est
2184 1097 2464 1155 omnium

410 1196 539 1249 tam
582 1191 833 1268 ignarus
878 1210 1097 1264 rerum,
1126 1196 1256 1249 tam
1299 1190 1469 1249 rudis
1497 1190 1563 1248 in
1591 1210 1659 1249 re
1701 1191 1968 1269 publica,
1996 1198 2124 1250 tam
2167 1192 2327 1251 nihil
2354 1215 2465 1252 un-

325 1299 388 1347 10
410 1306 596 1365 quam
623 1307 736 1346 nec
762 1287 841 1345 de
868 1305 979 1346 sua
1019 1306 1136 1345 neo
1164 1287 1243 1346 de
1272 1287 1578 1346 communi
1609 1288 1814 1348 salute
1843 1289 2147 1365 cogitanS,
2178 1288 2290 1366 qui
2332 1310 2461 1350 non

407 1382 720 1460 intelligat
759 1388 870 1441 tua
898 1381 1100 1442 salute
1145 1384 1453 1442 contineri
1504 1404 1698 1460 suam,
1727 1391 1795 1443 et
1840 1405 1918 1443 ex
1963 1386 2143 1442 unius
2186 1391 2297 1444 tua
2325 1386 2463 1446 vita

406 1481 676 1558 pendere
720 1480 994 1539 omnium
1016 1481 1047 1540 ⁴?
1129 1479 1437 1556 Equidem
1466 1481 1543 1540 de
1571 1488 1639 1540 te
1674 1481 1809 1540 dies
1847 1487 2207 1558 noctesque,
2241 1489 2315 1540 ut
2356 1483 2460 1543 de·

405 1575 544 1652 bec,
572 1576 876 1654 cogitan5‚
907 1593 1085 1635 casus
1113 1575 1444 1635 dumtaxat
1469 1576 1770 1636 humanos
1799 1584 1866 1637 et
1896 1578 2161 1636 incertos
2191 1586 2457 1639 eventus

405 1671 776 1733 valetudinis
824 1679 891 1732 et
937 1678 1196 1732 naturae
1242 1675 1585 1734 communis
1633 1674 2043 1753 fragilitatem
2091 1676 2455 1753 extimescO,

322 1783 381 1830 15
408 1771 728 1849 doleoque,
757 1791 942 1848 quum
972 1789 1070 1829 res
1104 1770 1353 1848 publica
1379 1771 1747 1831 immortalis
1775 1792 1913 1832 esse
1942 1773 2187 1848 debeat,
2218 1793 2357 1832 eam
2386 1774 2455 1832 in

406 1868 590 1927 unius
616 1866 891 1927 mortalis
937 1868 1143 1925 anima
1188 1868 1542 1929 consistere.
1630 1868 1698 1927 Si
1725 1888 1869 1929 vero
1897 1870 1976 1927 ad
2020 1868 2324 1929 humanos
2358 1891 2453 1930 ca-

404 1983 509 2023 sus
564 1965 951 2043 incertosque
1002 1971 1261 2025 eventus
1300 1964 1699 2041 valetudiniS,
1743 1965 1991 2025 sceleris
2048 1966 2238 2025 etiam
2282 1987 2453 2027 acce-

404 2061 514 2119 dat
553 2062 1035 2137 insidiarumque
1078 2062 1421 2139 consensio,
1450 2083 1635 2141 quem
1676 2063 1879 2139 deum,
1908 2063 1961 2121 si
2004 2063 2232 2141 cupiat,
2261 2084 2449 2142 posse

402 2157 693 2236 opitulari
720 2160 810 2216 rei
839 2157 1118 2235 publicae
1150 2161 1468 2220 credamus
1490 2162 1521 2221 ⁴?

313 2266 380 2314 20
524 2254 697 2315 VIH.
742 2254 965 2315 Omnia
1006 2261 1152 2314 sunt
1193 2257 1525 2316 excitanda
1569 2256 1707 2332 tibi,
1736 2255 1802 2317 O.
1838 2256 2084 2333 Caesar,
2119 2258 2253 2335 uni,
2283 2278 2445 2336 quae

397 2356 597 2436 jacere
618 2356 810 2415 sentis
835 2353 986 2414 belli
1018 2353 1213 2430 ipsius
1243 2352 1502 2431 impetu,
1525 2353 1691 2432 quod
1718 2374 1972 2414 necesse
1995 2354 2136 2430 fuit,
2159 2354 2445 2432 perculsa

399 2459 586 2530 atque
608 2458 950 2531 prostrata3
994 2450 1427 2510 constituenda
1453 2450 1703 2530 judicia,
1724 2451 2067 2511 revocanda
2086 2451 2259 2527 fides,
2284 2444 2444 2512 cOm-

396 2550 753 2628 primendae
795 2550 1107 2625 libidines,
1151 2547 1555 2626 propaganda
1601 2547 1866 2624 suboleS,
1895 2547 2120 2623 omnia,
2150 2567 2309 2625 quae
2355 2549 2442 2608 di-

395 2647 571 2727 lapsa
595 2649 722 2729 jam
744 2646 1157 2722 diffluxerunt,
1179 2645 1409 2705 severis
1430 2644 1675 2722 legibus
1699 2644 2018 2704 vincienda
2043 2650 2203 2705 sunt.
2289 2644 2439 2705 Non
2501 2654 2504 2661 '

308 2754 372 2801 25
398 2746 517 2804 fuit
559 2746 963 2806 recusandum
1006 2744 1068 2803 in
1118 2749 1295 2803 tanto
1342 2741 1507 2801 civili
1551 2740 1717 2801 bello
1758 2747 2055 2818 tantoque
2097 2742 2438 2801 animorum

396 2844 611 2903 ardore
651 2849 717 2902 et
761 2863 1083 2917 armorum,
1112 2840 1261 2919 quin
1291 2845 1583 2918 quassata
1627 2858 1726 2897 res
1769 2838 2036 2916 publica,
2065 2839 2437 2917 quicumque
2543 2894 2546 2895 γ

394 2939 543 2998 belli
570 2946 829 2998 eventus
858 2939 1096 3013 fuisset,
1123 2936 1322 2995 multa
1361 2937 1647 3014 perderet
1686 2943 1752 2996 et
1781 2942 2139 2996 ornamenta
2167 2936 2438 3014 dignita·

394 3035 476 3093 tis
503 3040 570 3093 et
594 3035 897 3111 praesidia
919 3033 1277 3093 stabilitatis
1299 3054 1466 3111 suae,
1489 3032 1808 3111 multaque
1835 3039 2096 3110 uterque
2124 3032 2252 3091 dux
2278 3035 2438 3094 face·

392 3137 490 3190 ret
531 3136 821 3206 armatuS,
850 3150 1007 3207 quae
1050 3131 1214 3190 idem
1258 3136 1514 3209 togatus
1561 3130 1691 3190 fieri
1737 3130 2169 3208 prohibuisset.
2255 3126 2436 3202 Quae

306 3238 371 3284 30
395 3227 640 3305 quidem
667 3226 782 3285 tibi
811 3247 971 3287 nunc
997 3228 1201 3286 omnia
1241 3227 1392 3287 belli
1421 3227 1673 3288 vulnera
1703 3226 1978 3287 sananda
2011 3233 2177 3303 sunt,
2206 3227 2435 3304 quibus

393 3331 641 3403 praeter
666 3331 731 3383 te
761 3324 990 3383 mederi
1018 3344 1200 3384 nemo
1229 3331 1459 3402 potest.

514 3422 734 3499 Itaque
778 3420 945 3479 illam
990 3428 1168 3496 tuam¹
1207 3421 1754 3498 praeclarissimam
1799 3427 1867 3482 et
1911 3419 2436 3499 sapientissimam

392 3539 603 3579 vocem
633 3518 864 3579 invitus
905 3518 1150 3579 audivi:
1196 3520 1233 3549 “
1259 3518 1428 3577 Satis
1454 3519 1560 3576 diu
1587 3520 1686 3579 vel
1716 3524 1972 3578 naturae
2001 3517 2132 3577 vixi
2161 3514 2260 3575 vel
2302 3515 2437 3594 glo-

393 3615 583 3677 riae.”
666 3614 850 3692 Satis,
880 3615 935 3676 si
977 3616 1067 3673 ita
1109 3614 1224 3689 viS,
1268 3614 1533 3674 fortasse
1578 3622 1837 3674 naturae
1861 3636 1878 3691 3
1922 3614 2084 3673 addo
2131 3612 2339 3688 etiam,
2383 3613 2436 3670 si

306 3722 367 3768 85
395 3712 618 3789 placet,
640 3712 874 3791 gloriae
893 3734 909 3788 3
951 3717 1036 3787 at,
1058 3710 1225 3788 quod
1246 3712 1583 3769 maximum
1606 3717 1722 3788 est,
1744 3711 1985 3789 patriae
2007 3717 2172 3769 certe
2192 3728 2433 3786 parum.

280 3802 286 3807 ¹
396 3807 604 3876 Quare
633 3810 848 3868 omitte
874 3810 1079 3882 istam,
1109 3827 1358 3885 quaem,
1389 3807 1709 3867 doctorum
1736 3807 2052 3867 hominum
2080 3806 2145 3863 in
2174 3813 2439 3865 contem·
