2725 4299
824 278 897 328 IN
942 277 1309 327 CATILINAM
1352 270 1598 330 ORATIO
1641 277 1872 332 PRIMA.
2377 282 2415 342 3

270 462 458 505 causa
512 441 785 502 nondum
834 440 1104 501 adducor
1149 447 1221 500 ut
1273 441 1507 502 faciam.
1600 440 1759 500 Tum
1811 441 2078 520 denique
2131 442 2315 502 inter-

272 539 501 615 ficiere,
528 558 719 616 quum
758 536 887 616 jam
927 556 1111 596 nemo
1150 547 1279 596 tam
1318 536 1656 615 improbus,
1682 543 1813 597 tam
1856 538 2155 616 perditus,
2182 545 2313 597 tam

273 636 368 694 tui
410 634 635 695 similis
660 633 919 693 inveniri
961 633 1208 710 poterit,
1236 632 1343 711 qui
1371 633 1437 691 id
1463 652 1588 692 non
1628 633 1768 713 jure
1794 633 2024 693 factum
2066 653 2205 695 esse
2231 636 2315 693 fa·

274 737 500 791 teatur.
586 728 790 803 Quam
815 729 924 788 diu
963 729 1283 807 quisquam
1313 729 1433 789 erit
1458 729 1566 807 qui
1604 734 1670 789 te
1698 729 2027 790 defendere
2067 729 2312 807 audeat,

275 828 471 903 vives,
492 826 603 886 sed
628 826 800 887 vives
827 826 938 901 ita,
963 830 1037 883 ut
1062 825 1239 901 vivis,
1259 823 1471 883 multis
1497 826 1653 884 meis
1681 831 1748 885 et
1773 826 1964 885 firmis
1988 827 2313 905 praesidiis
2340 841 2370 887 6

274 942 629 1003 oppressae,
656 941 737 981 ne
781 940 1164 981 commovere
1205 927 1273 980 te
1314 927 1531 980 contra
1567 941 1697 981 rem
1741 921 2049 999 publicam
2092 924 2311 1001 possis.

276 1019 613 1079 Multorum
638 1024 706 1076 te
733 1016 922 1077 etiam
950 1015 1118 1076 oculi
1145 1022 1213 1076 et
1241 1036 1420 1076 aures
1447 1036 1572 1075 non
1609 1018 2001 1095 sentientem,
2031 1019 2192 1078 sicut
2216 1018 2318 1077 ad-

277 1114 398 1174 huc
423 1116 723 1189 fecerunt,
750 1111 1226 1192 speculabuntur
1251 1118 1441 1189 atque
1468 1113 1835 1174 custodient.

399 1209 518 1272 ΠΙ.
562 1204 813 1269 Etenim
851 1209 1001 1287 quid
1044 1215 1160 1284 est,
1194 1205 1484 1285 Catilina,
1527 1209 1695 1288 quod
1734 1210 1864 1289 jam
1906 1210 2171 1290 amplius
2216 1230 2318 1271 ex-

280 1314 546 1385 spectes,
574 1306 627 1365 si
668 1325 869 1384 neque
911 1324 1039 1364 nox
1064 1304 1335 1365 tenebris
1383 1305 1708 1366 obscurare
1749 1313 2006 1385 coeptus
2047 1308 2314 1369 nefarios
2343 1324 2404 1372 10

278 1420 499 1482 neque
528 1403 769 1481 privata
812 1402 1031 1461 domus
1071 1401 1417 1479 parietibus
1461 1404 1776 1463 continere
1813 1424 2000 1465 voces
2044 1404 2317 1485 conjura·

278 1501 472 1560 tionis
513 1511 661 1559 tuae
703 1504 916 1577 potest
930 1499 962 1558 P
1059 1498 1112 1557 si
1153 1497 1556 1575 illustrantur,
1602 1500 1654 1559 si
1697 1507 2029 1579 erumpunt
2069 1501 2272 1560 omnia
2286 1501 2317 1561 P

278 1596 457 1656 Muta
495 1597 625 1677 jam
667 1595 850 1654 istam
895 1599 1187 1670 mentem,
1234 1594 1386 1653 mihi
1429 1596 1641 1657 crede:
1706 1595 2063 1657 obliviscere
2111 1597 2316 1657 caedis

278 1700 467 1771 atque
515 1691 948 1753 incendiorum.
1032 1690 1287 1751 Teneris
1327 1691 1636 1771 undique3
1697 1691 1833 1753 luce
1873 1699 2022 1752 sunt
2061 1693 2317 1753 clariora

276 1789 457 1849 nobis
512 1800 624 1847 tua
677 1786 935 1871 consilia
990 1787 1216 1863 omnia,
1271 1807 1435 1866 quae
1484 1789 1612 1868 jam
1665 1808 1901 1848 mecum
1955 1788 2104 1849 licet
2155 1808 2317 1848 reco-
2345 1801 2403 1850 16

279 1904 560 1964 gnoscas,
644 1883 1061 1944 Meministine
1081 1902 1185 1943 me
1205 1890 1353 1943 ante
1382 1884 1550 1944 diem
1577 1901 1688 1943 111.
1713 1882 2031 1944 Kalendas
2058 1883 2319 1944 Novem-

280 1982 425 2043 bres
465 1982 670 2042 dicere
697 1981 762 2038 in
808 1986 1049 2056 senatu,
1076 1980 1208 2040 fore
1236 1980 1304 2038 in
1346 1980 1533 2038 armis
1561 1986 1730 2039 certo
1775 1980 1897 2056 die,
1925 1981 2030 2057 qui
2057 1980 2190 2040 dies
2230 1979 2320 2039 fu·

278 2084 460 2138 turus
500 2082 669 2138 esset
709 2082 856 2138 ante
903 2077 1068 2137 diem
1107 2094 1193 2137 w.
1239 2075 1560 2136 Kalendas
1602 2074 2008 2154 Novembres,
2039 2077 2105 2137 C.
2150 2076 2321 2136 Man-

278 2175 453 2253 lium,
494 2176 786 2235 audaciae
831 2174 1164 2234 satellitem
1210 2181 1399 2251 atque
1442 2174 1873 2233 administrum
1916 2180 2062 2235 tuae
2079 2177 2109 2236 P
2150 2175 2317 2236 Num

278 2289 382 2328 me
409 2267 650 2345 fefellit,
680 2267 969 2343 Catilina,
999 2286 1123 2326 non
1149 2267 1336 2326 modo
1364 2286 1463 2327 res
1490 2272 1683 2342 tanta,
1704 2273 1836 2326 tam
1863 2273 2040 2327 atrox
2067 2274 2318 2345 tamque
2343 2285 2407 2331 20

280 2365 676 2441 incredibiIiS‚
704 2384 938 2439 verum,
967 2363 1034 2421 id
1077 2363 1242 2441 quod
1267 2362 1464 2422 multo
1498 2364 1712 2441 magis*
1737 2368 1836 2423 est
1879 2363 2319 2439 admirandum,

280 2463 417 2521 dies
433 2463 465 2522 P
544 2460 695 2519 Dixi
716 2481 840 2539 ego
861 2460 1024 2519 idem
1051 2459 1116 2517 in
1143 2464 1383 2535 senatu,
1404 2459 1652 2519 caedem
1680 2465 1747 2518 te
1768 2460 2156 2536 optimatium
2184 2478 2320 2518 con·

278 2557 502 2618 tulisse
546 2557 609 2615 in
654 2558 802 2617 ante
844 2556 1009 2616 diem
1050 2574 1111 2615 v.
1157 2555 1475 2615 Kalendas
1524 2554 1925 2631 Novembres,
1952 2562 2088 2614 tum
2133 2575 2319 2632 quum

279 2653 460 2714 multi
506 2654 820 2732 principes
861 2652 1131 2713 civitatis
1183 2651 1381 2712 Roma
1427 2670 1551 2709 non
1599 2657 1725 2709 tam
1777 2652 1874 2709 sui
1922 2652 2320 2711 conservandi

280 2771 466 2831 quam
519 2757 766 2811 tuorum
815 2748 1206 2809 consiliorum
1252 2747 1771 2826 reprimendorum
1815 2766 1998 2805 causa
2039 2747 2320 2825 profuge·
2345 2766 2405 2812 26

280 2856 442 2910 runt.
527 2848 695 2908 Num
737 2846 985 2905 infitiari
1024 2852 1208 2924 potes
1234 2853 1301 2905 te
1342 2844 1453 2904 illo
1495 2844 1598 2903 die
1638 2844 1793 2902 meis
1819 2843 2157 2920 praesidiis,
2183 2864 2321 2904 mea

282 2944 619 3025 diligentia⁹
634 2943 1100 3004 circumclusum
1129 2961 1511 3002 commovere
1539 2947 1606 3000 te
1630 2946 1842 3000 contra
1869 2960 1993 3000 rem
2014 2940 2319 3018 publicam

280 3061 408 3101 non
435 3040 734 3119 potuisse,
756 3059 946 3117 quum
965 3044 1032 3098 te
1060 3038 1336 3098 discessu
1356 3043 1699 3097 ceterorum
1726 3042 1938 3096 nostra
1963 3043 2192 3113 tamen,
2213 3037 2319 3115 qui

283 3137 807 3211 remansissemus,
835 3135 1022 3194 caede
1050 3139 1408 3194 contentum
1436 3154 1575 3194 esse
1605 3133 1854 3194 dicebas
1872 3134 1903 3193 P

405 3231 570 3306 Quid
586 3234 618 3293 P
656 3252 843 3311 quum
870 3237 942 3289 tu
968 3237 1034 3289 te
1062 3230 1402 3290 Praeneste
1428 3230 1736 3290 Kalendis
1767 3231 1922 3308 ipsis
1962 3228 2027 3289 N
2028 3229 2320 3290 ovembri·
2345 3246 2409 3292 30

282 3329 400 3390 bus
445 3336 885 3407 occupaturum
925 3333 1224 3387 nocturno
1263 3327 1503 3405 impetu
1529 3345 1670 3387 esse
1714 3327 2072 3402 confideres,
2104 3327 2320 3386 sensis-

282 3426 416 3485 tine
463 3417 632 3484 illam
677 3424 979 3484 coloniam
1019 3443 1161 3482 meo
1213 3422 1389 3501 jussu
1436 3423 1588 3482 meis
1630 3423 1984 3501 praesidiis,
2026 3424 2319 3484 custodiis

283 3519 634 3599 vigiliisque
676 3539 815 3579 esse
857 3518 1205 3577 munitam?
1261 3517 1437 3577 Nihil
1486 3518 1643 3596 agis,
1687 3518 1840 3577 nihil
1881 3519 2133 3594 moliriS,
2169 3518 2323 3577 nihil

285 3616 546 3694 cogitaS,
575 3616 743 3693 quod
767 3635 893 3674 non
920 3634 1042 3692 ego
1069 3634 1193 3672 non
1221 3615 1405 3673 modo
1431 3614 1700 3690 audiam,
1728 3615 1839 3674 sed
1867 3615 2053 3675 etiam
2080 3614 2322 3674 videam

284 3712 592 3791 planeque
620 3712 897 3772 sentiam.
2347 3728 2409 3774 85

408 3808 520 3869 IV.
565 3808 967 3887 Recognosce
1009 3826 1251 3865 mecum
1299 3806 1551 3865 tandem
1595 3812 1840 3866 noctem
1882 3806 2049 3864 illam
2095 3809 2322 3885 superi-
